@article{RN13,
   author = {Abal-Fabeiro, J. L. and Maside, X. and Bello, X. and Llovo, J. and Bartolome, C.},
   title = {Multilocus patterns of genetic variation across Cryptosporidium species suggest balancing selection at the gp60 locus},
   journal = {Mol Ecol},
   volume = {22},
   number = {18},
   pages = {4723-32},
   ISSN = {1365-294X (Electronic)
0962-1083 (Linking)},
   DOI = {10.1111/mec.12425},
   url = {http://www.ncbi.nlm.nih.gov/pubmed/23915002},
   year = {2013},
   type = {Journal Article}
}

@article{RN216,
   author = {Agrawal, A. F. and Whitlock, M. C.},
   title = {Inferences about the distribution of dominance drawn from yeast gene knockout data},
   journal = {Genetics},
   volume = {187},
   number = {2},
   pages = {553-66},
   ISSN = {1943-2631 (Electronic)
0016-6731 (Linking)},
   DOI = {10.1534/genetics.110.124560},
   url = {http://www.ncbi.nlm.nih.gov/pubmed/21098719},
   year = {2011},
   type = {Journal Article}
}

@article{RN225,
   author = {Aguade, M. and Miyashita, N. and Langley, C. H.},
   title = {Reduced variation in the yello-achaete-schute region in natural populations of Drosophila melanogaster},
   journal = {Genetics},
   volume = {122},
   pages = {607-615},
   year = {1989},
   type = {Journal Article}
}

@article{RN12,
   author = {Akey, J. M. and Zhang, G. and Zhang, K. and Jin, L. and Shriver, M. D.},
   title = {Interrogating a high-density SNP map for signatures of natural selection},
   journal = {Genome Res},
   volume = {12},
   number = {12},
   pages = {1805-14},
   ISSN = {1088-9051 (Print)
1088-9051 (Linking)},
   DOI = {10.1101/gr.631202},
   url = {http://www.ncbi.nlm.nih.gov/pubmed/12466284},
   year = {2002},
   type = {Journal Article}
}

@article{RN283,
   author = {Andolfatto, P.},
   title = {Hitchhiking effects of recurrent beneficial amino acid substitutions in the Drosophila melanogaster genome},
   journal = {Genome Res},
   volume = {17},
   number = {12},
   pages = {1755-62},
   ISSN = {1088-9051 (Print)
1088-9051 (Linking)},
   DOI = {10.1101/gr.6691007},
   url = {https://www.ncbi.nlm.nih.gov/pubmed/17989248},
   year = {2007},
   type = {Journal Article}
}

@article{RN217,
   author = {Auton, A. and Fledel-Alon, A. and Pfeiffer, S. and Venn, Oliver and Segurel, L. and Street, T. and Leffler, E. M. and Bowden, R. and Aneas, I. and Broxholme, J. and Humburg, P. and Iqbal, Z. and Lunter, G. and Maller, J. and Hernandez, R. D. and Melton, C. and Venkat, A. and Nobrega, M. A. and Bontrop, R. E. and Myers, S. R. and Donnelly, P. and Przeworski, M. and McVean, G.},
   title = {A Fine-Scale Chimpanzee Genetic Map from Population Sequencing},
   journal = {Science},
   volume = {336},
   year = {2012},
   type = {Journal Article}
}

@article{RN260,
   author = {Auton, A. and McVean, G.},
   title = {Recombination rate estimation in the presence of hotspots},
   journal = {Genome Res},
   volume = {17},
   number = {8},
   pages = {1219-27},
   ISSN = {1088-9051 (Print)
1088-9051 (Linking)},
   DOI = {10.1101/gr.6386707},
   url = {https://www.ncbi.nlm.nih.gov/pubmed/17623807},
   year = {2007},
   type = {Journal Article}
}

@article{RN318,
   author = {Bailey, S. F. and Bataillon, T.},
   title = {Can the experimental evolution programme help us elucidate the genetic basis of adaptation in nature?},
   journal = {Mol Ecol},
   volume = {25},
   number = {1},
   pages = {203-18},
   ISSN = {1365-294X (Electronic)
0962-1083 (Linking)},
   DOI = {10.1111/mec.13378},
   url = {https://www.ncbi.nlm.nih.gov/pubmed/26346808},
   year = {2016},
   type = {Journal Article}
}

@article{RN233,
   author = {Baines, J. F. and Harr, B.},
   title = {Reduced X-linked diversity in derived populations of house mice},
   journal = {Genetics},
   volume = {175},
   number = {4},
   pages = {1911-1921},
   ISSN = {0016-6731},
   DOI = {10.1534/genetics.106.069419},
   year = {2007},
   type = {Journal Article}
}

@article{RN218,
   author = {Baker, C. L. and Kajita, S. and Walker, M. and Saxl, R. L. and Raghupathy, N. and Choi, K. and Petkov, P. M. and Paigen, K.},
   title = {PRDM9 drives evolutionary erosion of hotspots in Mus musculus through haplotype-specific initiation of meiotic recombination},
   journal = {PLoS Genet},
   volume = {11},
   number = {1},
   pages = {e1004916},
   ISSN = {1553-7404 (Electronic)
1553-7390 (Linking)},
   DOI = {10.1371/journal.pgen.1004916},
   url = {http://www.ncbi.nlm.nih.gov/pubmed/25568937},
   year = {2015},
   type = {Journal Article}
}

@article{RN166,
   author = {Bank, C. and Ewing, G. B. and Ferrer-Admettla, A. and Foll, M. and Jensen, J. D.},
   title = {Thinking too positive? Revisiting current methods of population genetic selection inference},
   journal = {Trends Genet},
   volume = {30},
   number = {12},
   pages = {540-6},
   ISSN = {0168-9525 (Print)
0168-9525 (Linking)},
   DOI = {10.1016/j.tig.2014.09.010},
   url = {http://www.ncbi.nlm.nih.gov/pubmed/25438719},
   year = {2014},
   type = {Journal Article}
}

@article{RN181,
   author = {Bank, C. and Hietpas, R. T. and Wong, A. and Bolon, D. N. and Jensen, J. D.},
   title = {A Bayesian MCMC approach to assess the complete distribution of fitness effects of new mutations: uncovering the potential for adaptive walks in challenging environments},
   journal = {Genetics},
   volume = {196},
   number = {3},
   pages = {841-52},
   ISSN = {1943-2631 (Electronic)
0016-6731 (Linking)},
   DOI = {10.1534/genetics.113.156190},
   url = {http://www.ncbi.nlm.nih.gov/pubmed/24398421},
   year = {2014},
   type = {Journal Article}
}

@article{RN2,
   author = {Barreiro, L. B. and Laval, G. and Quach, H. and Patin, E. and Quintana-Murci, L.},
   title = {Natural selection has driven population differentiation in modern humans},
   journal = {Nat Genet},
   volume = {40},
   number = {3},
   pages = {340-5},
   ISSN = {1546-1718 (Electronic)
1061-4036 (Linking)},
   DOI = {10.1038/ng.78},
   url = {http://www.ncbi.nlm.nih.gov/pubmed/18246066},
   year = {2008},
   type = {Journal Article}
}

@article{RN192,
   author = {Barton, Nicholas H.},
   title = {The Effect of Hitch-Hiking on Neutral Genealogies},
   journal = {Genetical Research},
   volume = {72},
   pages = {123-133},
   year = {1998},
   type = {Journal Article}
}

@article{RN235,
   author = {Barton, N. H.},
   title = {Genetic hitchhiking},
   journal = {Philos Trans R Soc Lond B Biol Sci},
   volume = {355},
   number = {1403},
   pages = {1553-62},
   ISSN = {0962-8436 (Print)
0962-8436 (Linking)},
   DOI = {10.1098/rstb.2000.0716},
   url = {http://www.ncbi.nlm.nih.gov/pubmed/11127900},
   year = {2000},
   type = {Journal Article}
}

@article{RN359,
   author = {Barton, N. H. and Keightley, P. D.},
   title = {Understanding quantitative genetic variation},
   journal = {Nat Rev Genet},
   volume = {3},
   number = {1},
   pages = {11-21},
   ISSN = {1471-0056 (Print)
1471-0056 (Linking)},
   DOI = {10.1038/nrg700},
   url = {https://www.ncbi.nlm.nih.gov/pubmed/11823787},
   year = {2002},
   type = {Journal Article}
}

@article{RN269,
   author = {Baudat, F. and Buard, J. and Grey, C. and Fledel-Alon, A. and Ober, C. and Przeworski, M. and Coop, G. and de Massy, B.},
   title = {PRDM9 Is a Major Determinant of Meiotic Recombination Hotspots in Humans and Mice},
   journal = {Science},
   volume = {327},
   number = {5967},
   pages = {836-840},
   DOI = {10.1126/science.1183439},
   year = {2010},
   type = {Journal Article}
}

@article{RN256,
   author = {Baudat, F. and Imai, Y. and de Massy, B.},
   title = {Meiotic recombination in mammals: localization and regulation},
   journal = {Nat Rev Genet},
   volume = {14},
   number = {11},
   pages = {794-806},
   ISSN = {1471-0064 (Electronic)
1471-0056 (Linking)},
   DOI = {10.1038/nrg3573},
   url = {https://www.ncbi.nlm.nih.gov/pubmed/24136506},
   year = {2013},
   type = {Journal Article}
}

@article{RN114,
   author = {Begun, D. J. and Aquadro, C. F.},
   title = {Levels of naturally occurring DNA polymorphism correlate with recombination rate in Drosophila melanogaster},
   journal = {Nature},
   volume = {356},
   year = {1992},
   type = {Journal Article}
}

@article{RN230,
   author = {Beissinger, Timothy M. and Wang, Li and Crosby, Kate and Durvasula, Arun and Hufford, Matthew B. and Ross-Ibarra, Jeffrey},
   title = {Recent demography drives changes in linked selection across the maize genome},
   journal = {Nature Plants},
   volume = {2},
   number = {7},
   pages = {16084},
   ISSN = {2055-0278},
   DOI = {10.1038/nplants.2016.84},
   year = {2016},
   type = {Journal Article}
}

@article{RN313,
   author = {Berg, J. J. and Coop, G.},
   title = {A population genetic signal of polygenic adaptation},
   journal = {PLoS Genet},
   volume = {10},
   number = {8},
   pages = {e1004412},
   ISSN = {1553-7404 (Electronic)
1553-7390 (Linking)},
   DOI = {10.1371/journal.pgen.1004412},
   url = {https://www.ncbi.nlm.nih.gov/pubmed/25102153},
   year = {2014},
   type = {Journal Article}
}

@article{RN352,
   author = {Booker, T. R. and Jackson, B. C. and Keightley, P. D.},
   title = {Detecting positive selection in the genome},
   journal = {BMC Biol},
   volume = {15},
   number = {1},
   pages = {98},
   ISSN = {1741-7007 (Electronic)
1741-7007 (Linking)},
   DOI = {10.1186/s12915-017-0434-y},
   url = {https://www.ncbi.nlm.nih.gov/pubmed/29084517},
   year = {2017},
   type = {Journal Article}
}

@article{RN363,
   author = {Booker, Tom R. and Keightley, Peter D.},
   DOI = {10.1101/275610},
   year = {2018},
   type = {Journal Article}
}

@article{RN340,
   author = {Booker, T. R. and Ness, R. W. and Keightley, P. D.},
   title = {The recombination landscape in wild house mice inferred using population genomic data},
   journal = {Genetics},
   volume = {207},
   number = {1},
   pages = {297-309},
   ISSN = {1943-2631 (Electronic)
0016-6731 (Linking)},
   DOI = {10.1534/genetics.117.300063},
   url = {https://www.ncbi.nlm.nih.gov/pubmed/28751421},
   year = {2017},
   type = {Journal Article}
}

@article{RN201,
   author = {Boyko, A. R. and Williamson, S. H. and Indap, A. R. and Degenhardt, J. D. and Hernandez, R. D. and Lohmueller, K. E. and Adams, M. D. and Schmidt, S. and Sninsky, J. J. and Sunyaev, S. R. and White, T. J. and Nielsen, R. and Clark, A. G. and Bustamante, C. D.},
   title = {Assessing the evolutionary impact of amino acid mutations in the human genome},
   journal = {PLoS Genet},
   volume = {4},
   number = {5},
   pages = {e1000083},
   ISSN = {1553-7404 (Electronic)
1553-7390 (Linking)},
   DOI = {10.1371/journal.pgen.1000083},
   url = {http://www.ncbi.nlm.nih.gov/pubmed/18516229},
   year = {2008},
   type = {Journal Article}
}

@article{RN287,
   author = {Braverman, J. M. and Hudson, R. R. and Kaplan, N. L. and Langley, C. H. and Stephan, W.},
   title = {The hitchhiking effect on the site frequency spectrum of DNA polymorphisms},
   journal = {Genetics},
   volume = {140},
   pages = {783-796},
   year = {1995},
   type = {Journal Article}
}

@article{RN254,
   author = {Brick, K. and Smagulova, F. and Khil, P. and Camerini-Otero, R. D. and Petukhova, G. V.},
   title = {Genetic recombination is directed away from functional genomic elements in mice},
   journal = {Nature},
   volume = {485},
   number = {7400},
   pages = {642-5},
   ISSN = {1476-4687 (Electronic)
0028-0836 (Linking)},
   DOI = {10.1038/nature11089},
   url = {https://www.ncbi.nlm.nih.gov/pubmed/22660327},
   year = {2012},
   type = {Journal Article}
}

@article{RN156,
   author = {Brunschwig, H. and Liat, L. and Ben-David, E. and Williams, R. W. and Yakir, B. and Shifman, S.},
   title = {Fine-Scale Maps of Recombination Rates and Hotspots in the Mouse Genome},
   journal = {Genetics},
   volume = {191},
   pages = {757-764},
   DOI = {10.1534/genetics.112.141036},
   year = {2012},
   type = {Journal Article}
}

@article{RN168,
   author = {Cai, J. J. and Macpherson, J. M. and Sella, G. and Petrov, D. A.},
   title = {Pervasive hitchhiking at coding and regulatory sites in humans},
   journal = {PLoS Genet},
   volume = {5},
   number = {1},
   pages = {e1000336},
   ISSN = {1553-7404 (Electronic)
1553-7390 (Linking)},
   DOI = {10.1371/journal.pgen.1000336},
   url = {http://www.ncbi.nlm.nih.gov/pubmed/19148272},
   year = {2009},
   type = {Journal Article}
}

@article{RN296,
   author = {Campos, J. L. and Halligan, D. L. and Haddrill, P. R. and Charlesworth, B.},
   title = {The relation between recombination rate and patterns of molecular evolution and variation in Drosophila melanogaster},
   journal = {Mol Biol Evol},
   volume = {31},
   number = {4},
   pages = {1010-28},
   ISSN = {1537-1719 (Electronic)
0737-4038 (Linking)},
   DOI = {10.1093/molbev/msu056},
   url = {https://www.ncbi.nlm.nih.gov/pubmed/24489114},
   year = {2014},
   type = {Journal Article}
}

@article{RN290,
   author = {Campos, J. L. and Zhao, L. and Charlesworth, B.},
   title = {Estimating the parameters of background selection and selective sweeps in Drosophila in the presence of gene conversion},
   journal = {Proc Natl Acad Sci},
   volume = {Early Online},
   year = {2017},
   type = {Journal Article}
}

@article{RN323,
   author = {Campos, J. L. and Zhao, L. and Charlesworth, B.},
   title = {Estimating the parameters of background selection and selective sweeps in Drosophila in the presence of gene conversion},
   journal = {Proc Natl Acad Sci},
   volume = {114},
   number = {24},
   pages = {E4762–E4771},
   DOI = {10.1073/pnas.1619434114
10.5061/dryad.vs264)},
   year = {2017},
   type = {Journal Article}
}

@article{RN346,
   author = {Carroll, S. B.},
   title = {Evolution at two levels: on genes and form},
   journal = {PLoS Biol},
   volume = {3},
   number = {7},
   pages = {e245},
   ISSN = {1545-7885 (Electronic)
1544-9173 (Linking)},
   DOI = {10.1371/journal.pbio.0030245},
   url = {https://www.ncbi.nlm.nih.gov/pubmed/16000021},
   year = {2005},
   type = {Journal Article}
}

@article{RN317,
   author = {Casillas, S. and Barbadilla, A.},
   title = {Molecular population genetics},
   journal = {Genetics},
   volume = {205},
   number = {3},
   pages = {1003-1035},
   ISSN = {1943-2631 (Electronic)
0016-6731 (Linking)},
   DOI = {10.1534/genetics.116.196493},
   url = {https://www.ncbi.nlm.nih.gov/pubmed/28270526},
   year = {2017},
   type = {Journal Article}
}

@article{RN304,
   author = {Castellano, D. and Coronado-Zamora, M. and Campos, J. L. and Barbadilla, A. and Eyre-Walker, A.},
   title = {Adaptive evolution Is substantially impeded by Hill-Robertson interference in Drosophila},
   journal = {Mol Biol Evol},
   volume = {33},
   number = {2},
   pages = {442-55},
   ISSN = {1537-1719 (Electronic)
0737-4038 (Linking)},
   DOI = {10.1093/molbev/msv236},
   url = {https://www.ncbi.nlm.nih.gov/pubmed/26494843},
   year = {2016},
   type = {Journal Article}
}

@article{RN239,
   author = {Chamary, J. V. and Parmley, J. L. and Hurst, L. D.},
   title = {Hearing silence: non-neutral evolution at synonymous sites in mammals},
   journal = {Nat Rev Genet},
   volume = {7},
   number = {2},
   pages = {98-108},
   ISSN = {1471-0056 (Print)
1471-0056 (Linking)},
   DOI = {10.1038/nrg1770},
   url = {http://www.ncbi.nlm.nih.gov/pubmed/16418745},
   year = {2006},
   type = {Journal Article}
}

@article{RN213,
   author = {Chan, A. H. and Jenkins, P. A. and Song, Y. S.},
   title = {Genome-wide fine-scale recombination rate variation in Drosophila melanogaster},
   journal = {PLoS Genet},
   volume = {8},
   number = {12},
   pages = {e1003090},
   ISSN = {1553-7404 (Electronic)
1553-7390 (Linking)},
   DOI = {10.1371/journal.pgen.1003090},
   url = {http://www.ncbi.nlm.nih.gov/pubmed/23284288},
   year = {2012},
   type = {Journal Article}
}

@article{RN294,
   author = {Charlesworth, Brian},
   title = {The effect of background selection against deleterious mutations on weakly selected, linked variants},
   journal = {Genetical Research},
   volume = {63},
   number = {03},
   pages = {213},
   ISSN = {0016-6723
1469-5073},
   DOI = {10.1017/s0016672300032365},
   year = {1994},
   type = {Journal Article}
}

@article{RN281,
   author = {Charlesworth, B.},
   title = {Background selection and patterns of genetic diversity in Drosophila melanogaster},
   journal = {Genetical Research},
   volume = {68},
   pages = {131-149},
   year = {1996},
   type = {Journal Article}
}

@article{RN110,
   author = {Charlesworth, B.},
   title = {Fundamental concepts in genetics: effective population size and patterns of molecular evolution and variation},
   journal = {Nat Rev Genet},
   volume = {10},
   number = {3},
   pages = {195-205},
   ISSN = {1471-0064 (Electronic)
1471-0056 (Linking)},
   DOI = {10.1038/nrg2526},
   url = {http://www.ncbi.nlm.nih.gov/pubmed/19204717},
   year = {2009},
   type = {Journal Article}
}

@article{RN288,
   author = {Charlesworth, B.},
   title = {The role of background selection in shaping patterns of molecular evolution and variation: evidence from variability on the Drosophila X chromosome},
   journal = {Genetics},
   volume = {191},
   number = {1},
   pages = {233-46},
   ISSN = {1943-2631 (Electronic)
0016-6731 (Linking)},
   DOI = {10.1534/genetics.111.138073},
   url = {https://www.ncbi.nlm.nih.gov/pubmed/22377629},
   year = {2012},
   type = {Journal Article}
}

@article{RN115,
   author = {Charlesworth, B.},
   title = {Background selection 20 years on: the Wilhelmine E. Key 2012 invitational lecture},
   journal = {J Hered},
   volume = {104},
   number = {2},
   pages = {161-71},
   ISSN = {1465-7333 (Electronic)
0022-1503 (Linking)},
   DOI = {10.1093/jhered/ess136},
   url = {http://www.ncbi.nlm.nih.gov/pubmed/23303522},
   year = {2013},
   type = {Journal Article}
}

@article{RN172,
   author = {Charlesworth, B. and Betancourt, A. J. and Kaiser, V. B. and Gordo, I.},
   title = {Genetic Recombination and Molecular Evolution},
   journal = {Cold Spring Harbor Symposia on Quantitative Biology},
   volume = {LXXIV},
   year = {2009},
   type = {Journal Article}
}

@article{RN150,
   author = {Charlesworth, B. and Campos, J. L.},
   title = {The relations between recombination rate and patterns of molecular variation and evolution in Drosophila},
   journal = {Annu Rev Genet},
   volume = {48},
   pages = {383-403},
   ISSN = {1545-2948 (Electronic)
0066-4197 (Linking)},
   DOI = {10.1146/annurev-genet-120213-092525},
   url = {http://www.ncbi.nlm.nih.gov/pubmed/25251853},
   year = {2014},
   type = {Journal Article}
}

@book{RN173,
   author = {Charlesworth, B. and Charlesworth, D.},
   title = {Elements of Evolutionary Genetics},
   publisher = {Roberts & Company},
   address = {Greenwood Village, Colorado},
   pages = {734},
   year = {2010},
   type = {Book}
}

@article{RN8,
   author = {Charlesworth, Brian and Charlesworth, Deborah and Barton, Nicholas H.},
   title = {Theeffects Ofgenetic Andgeographicstructure Onneutralvariation},
   journal = {Annual Review of Ecology, Evolution, and Systematics},
   volume = {34},
   number = {1},
   pages = {99-125},
   ISSN = {1543-592X
1545-2069},
   DOI = {10.1146/annurev.ecolsys.34.011802.132359},
   year = {2003},
   type = {Journal Article}
}

@article{RN224,
   author = {Charlesworth, B. and Charlesworth, D. and Coyne, J. A. and Langley, C. H.},
   title = {Hubby and Lewontin on Protein Variation in Natural Populations: When Molecular Genetics Came to the Rescue of Population Genetics},
   journal = {Genetics},
   volume = {203},
   number = {4},
   pages = {1497-1503},
   ISSN = {0016-6731},
   DOI = {10.1534/genetics.115.185975},
   year = {2016},
   type = {Journal Article}
}

@article{RN132,
   author = {Charlesworth, B. and Morgan, M. T. and Charlesworth, D.},
   title = {The effect of deleterious mutations on neutral molecular variation},
   journal = {Genetics},
   volume = {134},
   pages = {1289-1303},
   year = {1993},
   type = {Journal Article}
}

@article{RN89,
   author = {Charlesworth, D.},
   title = {Effects of inbreeding on the genetic diversity of populations},
   journal = {Philos Trans R Soc Lond B Biol Sci},
   volume = {358},
   number = {1434},
   pages = {1051-70},
   ISSN = {0962-8436 (Print)
0962-8436 (Linking)},
   DOI = {10.1098/rstb.2003.1296},
   url = {http://www.ncbi.nlm.nih.gov/pubmed/12831472},
   year = {2003},
   type = {Journal Article}
}

@article{RN103,
   author = {Charlesworth, D.},
   title = {Balancing selection and its effects on sequences in nearby genome regions},
   journal = {PLoS Genet},
   volume = {2},
   number = {4},
   pages = {e64},
   ISSN = {1553-7404 (Electronic)
1553-7390 (Linking)},
   DOI = {10.1371/journal.pgen.0020064},
   url = {http://www.ncbi.nlm.nih.gov/pubmed/16683038},
   year = {2006},
   type = {Journal Article}
}

@article{RN6,
   author = {Charlesworth, D. and Bartolome, C. and Schierup, M. H. and Mable, B. K.},
   title = {Haplotype structure of the stigmatic self-incompatibility gene in natural populations of Arabidopsis lyrata},
   journal = {Mol Biol Evol},
   volume = {20},
   number = {11},
   pages = {1741-53},
   ISSN = {0737-4038 (Print)
0737-4038 (Linking)},
   DOI = {10.1093/molbev/msg170},
   url = {http://www.ncbi.nlm.nih.gov/pubmed/12832651},
   year = {2003},
   type = {Journal Article}
}

@article{RN96,
   author = {Charlesworth, D. and Charlesworth, B.},
   title = {Mimicry: the hunting of the supergene},
   journal = {Curr Biol},
   volume = {21},
   number = {20},
   pages = {R846-8},
   ISSN = {1879-0445 (Electronic)
0960-9822 (Linking)},
   DOI = {10.1016/j.cub.2011.09.004},
   url = {http://www.ncbi.nlm.nih.gov/pubmed/22032187},
   year = {2011},
   type = {Journal Article}
}

@article{RN133,
   author = {Charlesworth, D. and Charlesworth, B. and Morgan, M. T.},
   title = {The pattern of neutral molecular variation under the background selection model},
   journal = {Genetics},
   volume = {141},
   year = {1995},
   type = {Journal Article}
}

@article{RN234,
   author = {Charlesworth, D. and Charlesworth, B. and Morgan, M. T.},
   title = {The pattern of neutral molecular variation under the background selection model},
   journal = {Genetics},
   volume = {141},
   pages = {1619-1632},
   year = {1995},
   type = {Journal Article}
}

@article{RN71,
   author = {Charlesworth, D. and Qiu, S. and Bergero, R. and Ågren, J. A. and Wright, S. I.},
   title = {Using DNA Sequence Diversity to Test for Selection inSilene},
   journal = {International Journal of Plant Sciences},
   volume = {171},
   number = {9},
   pages = {1072-1082},
   ISSN = {1058-5893
1537-5315},
   DOI = {10.1086/656429},
   year = {2010},
   type = {Journal Article}
}

@article{RN324,
   author = {Charlesworth, J. and Eyre-Walker, A.},
   title = {The McDonald-Kreitman test and slightly deleterious mutations},
   journal = {Mol Biol Evol},
   volume = {25},
   number = {6},
   pages = {1007-15},
   ISSN = {1537-1719 (Electronic)
0737-4038 (Linking)},
   DOI = {10.1093/molbev/msn005},
   url = {https://www.ncbi.nlm.nih.gov/pubmed/18195052},
   year = {2008},
   type = {Journal Article}
}

@article{RN49,
   author = {Cherif, E. and Zehdi, S. and Castillo, K. and Chabrillange, N. and Abdoulkader, S. and Pintaud, J. C. and Santoni, S. and Salhi-Hannachi, A. and Glemin, S. and Aberlenc-Bertossi, F.},
   title = {Male-specific DNA markers provide genetic evidence of an XY chromosome system, a recombination arrest and allow the tracing of paternal lineages in date palm},
   journal = {New Phytol},
   volume = {197},
   number = {2},
   pages = {409-15},
   ISSN = {1469-8137 (Electronic)
0028-646X (Linking)},
   DOI = {10.1111/nph.12069},
   url = {http://www.ncbi.nlm.nih.gov/pubmed/23231423},
   year = {2013},
   type = {Journal Article}
}

@article{RN273,
   author = {Chia, J. M. and Song, C. and Bradbury, P. J. and Costich, D. and de Leon, N. and Doebley, J. and Elshire, R. J. and Gaut, B. and Geller, L. and Glaubitz, J. C. and Gore, M. and Guill, K. E. and Holland, J. and Hufford, M. B. and Lai, J. and Li, M. and Liu, X. and Lu, Y. and McCombie, R. and Nelson, R. and Poland, J. and Prasanna, B. M. and Pyhajarvi, T. and Rong, T. and Sekhon, R. S. and Sun, Q. and Tenaillon, M. I. and Tian, F. and Wang, J. and Xu, X. and Zhang, Z. and Kaeppler, S. M. and Ross-Ibarra, J. and McMullen, M. D. and Buckler, E. S. and Zhang, G. and Xu, Y. and Ware, D.},
   title = {Maize HapMap2 identifies extant variation from a genome in flux},
   journal = {Nat Genet},
   volume = {44},
   number = {7},
   pages = {803-7},
   ISSN = {1546-1718 (Electronic)
1061-4036 (Linking)},
   DOI = {10.1038/ng.2313},
   url = {https://www.ncbi.nlm.nih.gov/pubmed/22660545},
   year = {2012},
   type = {Journal Article}
}

@article{RN116,
   author = {Comeron, J.},
   title = {Background selection as a baseline for nucleotide variation across the Drosophila genome},
   journal = {PLoS Genetics},
   volume = {10},
   number = {6},
   DOI = {10.1371/},
   year = {2014},
   type = {Journal Article}
}

@article{RN197,
   author = {Consortium, The ENCODE Project},
   title = {An Integrated Encyclopedia of DNA Elements in the Human Genome},
   journal = {Nature},
   volume = {489},
   pages = {57-74},
   DOI = {10.1038/nature11247},
   year = {2012},
   type = {Journal Article}
}

@article{RN226,
   author = {Coop, G. and Ralph, P.},
   title = {Patterns of neutral diversity under general models of selective sweeps},
   journal = {Genetics},
   volume = {192},
   number = {1},
   pages = {205-24},
   ISSN = {1943-2631 (Electronic)
0016-6731 (Linking)},
   DOI = {10.1534/genetics.112.141861},
   url = {http://www.ncbi.nlm.nih.gov/pubmed/22714413},
   year = {2012},
   type = {Journal Article}
}

@article{RN52,
   author = {Corbett-Detig, R. B. and Hartl, D. L.},
   title = {Population genomics of inversion polymorphisms in Drosophila melanogaster},
   journal = {PLoS Genet},
   volume = {8},
   number = {12},
   pages = {e1003056},
   ISSN = {1553-7404 (Electronic)
1553-7390 (Linking)},
   DOI = {10.1371/journal.pgen.1003056},
   url = {http://www.ncbi.nlm.nih.gov/pubmed/23284285},
   year = {2012},
   type = {Journal Article}
}

@article{RN154,
   author = {Corbett-Detig, R. B. and Hartl, D. L. and Sackton, T. B.},
   title = {Natural selection constrains neutral diversity across a wide range of species},
   journal = {PLoS Biol},
   volume = {13},
   number = {4},
   pages = {e1002112},
   ISSN = {1545-7885 (Electronic)
1544-9173 (Linking)},
   DOI = {10.1371/journal.pbio.1002112},
   url = {http://www.ncbi.nlm.nih.gov/pubmed/25859758},
   year = {2015},
   type = {Journal Article}
}

@article{RN28,
   author = {Coschigano, K. T. and Wensink, P. C.},
   title = {Sex-specific transcriptional regulation by the male and female doublesex proteins of Drosophila},
   journal = {Genes & Development},
   volume = {7},
   number = {1},
   pages = {42-54},
   ISSN = {0890-9369},
   DOI = {10.1101/gad.7.1.42},
   year = {1993},
   type = {Journal Article}
}

@article{RN232,
   author = {Cox, A. and Ackert-Bicknell, C. L. and Dumont, B. L. and Ding, Y. and Bell, J. T. and Brockmann, G. A. and Wergedal, J. E. and Bult, C. and Paigen, B. and Flint, J. and Tsaih, S. W. and Churchill, G. A. and Broman, K. W.},
   title = {A new standard genetic map for the laboratory mouse},
   journal = {Genetics},
   volume = {182},
   number = {4},
   pages = {1335-44},
   ISSN = {1943-2631 (Electronic)
0016-6731 (Linking)},
   DOI = {10.1534/genetics.109.105486},
   url = {http://www.ncbi.nlm.nih.gov/pubmed/19535546},
   year = {2009},
   type = {Journal Article}
}

@article{RN25,
   author = {Currat, M. and Trabuchet, G. and Rees, D. and Perrin, P. and Harding, R. M. and Clegg, J. B. and Langaney, A. and Excoffier, L.},
   title = {Molecular analysis of the beta-globin gene cluster in the Niokholo Mandenka population reveals a recent origin of the beta(S) Senegal mutation},
   journal = {Am J Hum Genet},
   volume = {70},
   number = {1},
   pages = {207-23},
   ISSN = {0002-9297 (Print)
0002-9297 (Linking)},
   DOI = {10.1086/338304},
   url = {http://www.ncbi.nlm.nih.gov/pubmed/11741197},
   year = {2002},
   type = {Journal Article}
}

@article{RN46,
   author = {Cutter, A. D. and Jovelin, R. and Dey, A.},
   title = {Molecular hyperdiversity and evolution in very large populations},
   journal = {Mol Ecol},
   volume = {22},
   number = {8},
   pages = {2074-95},
   ISSN = {1365-294X (Electronic)
0962-1083 (Linking)},
   DOI = {10.1111/mec.12281},
   url = {http://www.ncbi.nlm.nih.gov/pubmed/23506466},
   year = {2013},
   type = {Journal Article}
}

@article{RN117,
   author = {Cutter, A. D. and Payseur, B. A.},
   title = {Genomic signatures of selection at linked sites: unifying the disparity among species},
   journal = {Nat Rev Genet},
   volume = {14},
   number = {4},
   pages = {262-74},
   ISSN = {1471-0064 (Electronic)
1471-0056 (Linking)},
   DOI = {10.1038/nrg3425},
   url = {http://www.ncbi.nlm.nih.gov/pubmed/23478346},
   year = {2013},
   type = {Journal Article}
}

@article{RN246,
   author = {Davies, B. and Hatton, E. and Altemose, N. and Hussin, J. G. and Pratto, F. and Zhang, G. and Hinch, A. G. and Moralli, D. and Biggs, D. and Diaz, R. and Preece, C. and Li, R. and Bitoun, E. and Brick, K. and Green, C. M. and Camerini-Otero, R. D. and Myers, S. R. and Donnelly, P.},
   title = {Re-engineering the zinc fingers of PRDM9 reverses hybrid sterility in mice},
   journal = {Nature},
   volume = {530},
   number = {7589},
   pages = {171-6},
   ISSN = {1476-4687 (Electronic)
0028-0836 (Linking)},
   DOI = {10.1038/nature16931},
   url = {https://www.ncbi.nlm.nih.gov/pubmed/26840484},
   year = {2016},
   type = {Journal Article}
}

@article{RN163,
   author = {Deinum, E. E. and Halligan, D. L. and Ness, R. W. and Zhang, Y-H. and Cong, L. and Zhang, J-X. and Keightley, P. D.},
   title = {Recent evolution in Rattus Norvegicus is shaped by declining effective population size},
   journal = {Mol Biol Evol},
   volume = {In preparation},
   DOI = {10.1093/molbev/sys000},
   year = {2015},
   type = {Journal Article}
}

@article{RN327,
   author = {Deinum, E. E. and Halligan, D. L. and Ness, R. W. and Zhang, Y. H. and Cong, L. and Zhang, J. X. and Keightley, P. D.},
   title = {Recent evolution in Rattus norvegicus is shaped by declining effective population size},
   journal = {Mol Biol Evol},
   volume = {32},
   number = {10},
   pages = {2547-58},
   ISSN = {1537-1719 (Electronic)
0737-4038 (Linking)},
   DOI = {10.1093/molbev/msv126},
   url = {https://www.ncbi.nlm.nih.gov/pubmed/26037536},
   year = {2015},
   type = {Journal Article}
}

@article{RN231,
   author = {Delaneau, O. and Howie, B. and Cox, A. J. and Zagury, J. F. and Marchini, J.},
   title = {Haplotype estimation using sequencing reads},
   journal = {Am J Hum Genet},
   volume = {93},
   number = {4},
   pages = {687-96},
   ISSN = {1537-6605 (Electronic)
0002-9297 (Linking)},
   DOI = {10.1016/j.ajhg.2013.09.002},
   url = {http://www.ncbi.nlm.nih.gov/pubmed/24094745},
   year = {2013},
   type = {Journal Article}
}

@article{RN195,
   author = {dos Reis, M. and Wernisch, L.},
   title = {Estimating translational selection in eukaryotic genomes},
   journal = {Mol Biol Evol},
   volume = {26},
   number = {2},
   pages = {451-61},
   ISSN = {1537-1719 (Electronic)
0737-4038 (Linking)},
   DOI = {10.1093/molbev/msn272},
   url = {http://www.ncbi.nlm.nih.gov/pubmed/19033257},
   year = {2009},
   type = {Journal Article}
}

@article{RN19,
   author = {Drummond, A. J. and Suchard, M. A. and Xie, D. and Rambaut, A.},
   title = {Bayesian phylogenetics with BEAUti and the BEAST 1.7},
   journal = {Mol Biol Evol},
   volume = {29},
   number = {8},
   pages = {1969-73},
   ISSN = {1537-1719 (Electronic)
0737-4038 (Linking)},
   DOI = {10.1093/molbev/mss075},
   url = {http://www.ncbi.nlm.nih.gov/pubmed/22367748},
   year = {2012},
   type = {Journal Article}
}

@article{RN270,
   author = {Dumont, B. L. and Payseur, B. A.},
   title = {Genetic analysis of genomic-scale recombiantion rate evolution in house mice},
   journal = {PLoS Genet},
   volume = {7},
   number = {6},
   pages = {11},
   DOI = {10.1371/},
   year = {2011},
   type = {Journal Article}
}

@article{RN244,
   author = {Dumont, B. L. and White, M. A. and Steffy, B. and Wiltshire, T. and Payseur, B. A.},
   title = {Extensive recombination rate variation in the house mouse species complex inferred from genetic linkage maps},
   journal = {Genome Res},
   volume = {21},
   number = {1},
   pages = {114-25},
   ISSN = {1549-5469 (Electronic)
1088-9051 (Linking)},
   DOI = {10.1101/gr.111252.110},
   url = {https://www.ncbi.nlm.nih.gov/pubmed/20978138},
   year = {2011},
   type = {Journal Article}
}

@article{RN196,
   author = {Duret, L.},
   title = {Evolution of Synonymous Codon Usage in Metazoans},
   journal = {Current Opinion in Genetics & Development},
   volume = {12},
   pages = {640-649},
   year = {2002},
   type = {Journal Article}
}

@article{RN330,
   author = {Duret, L. and Arndt, P. F.},
   title = {The Impact of Recombination on Nucleotide Substitutions in the Human Genome},
   journal = {PLoS Genet},
   volume = {4},
   number = {5},
   pages = {e1000071},
   DOI = {10.1371/},
   year = {2008},
   type = {Journal Article}
}

@article{RN331,
   author = {Duret, L. and Galtier, N.},
   title = {Biased gene conversion and the evolution of mammalian genomic landscapes},
   journal = {Annu Rev Genomics Hum Genet},
   volume = {10},
   pages = {285-311},
   ISSN = {1545-293X (Electronic)
1527-8204 (Linking)},
   DOI = {10.1146/annurev-genom-082908-150001},
   url = {https://www.ncbi.nlm.nih.gov/pubmed/19630562},
   year = {2009},
   type = {Journal Article}
}

@article{RN227,
   author = {Ellegren, H. and Galtier, N.},
   title = {Determinants of genetic diversity},
   journal = {Nat Rev Genet},
   volume = {17},
   number = {7},
   pages = {422-33},
   ISSN = {1471-0064 (Electronic)
1471-0056 (Linking)},
   DOI = {10.1038/nrg.2016.58},
   url = {http://www.ncbi.nlm.nih.gov/pubmed/27265362},
   year = {2016},
   type = {Journal Article}
}

@article{RN274,
   author = {Elyashiv, E. and Sattath, S. and Hu, T. T. and Strutsovsky, A. and McVicker, G. and Andolfatto, P. and Coop, G. and Sella, G.},
   title = {A genomic map of the effects of linked selection in Drosophila},
   journal = {PLoS Genet},
   volume = {12},
   number = {8},
   pages = {e1006130},
   ISSN = {1553-7404 (Electronic)
1553-7390 (Linking)},
   DOI = {10.1371/journal.pgen.1006130},
   url = {https://www.ncbi.nlm.nih.gov/pubmed/27536991},
   year = {2016},
   type = {Journal Article}
}

@article{RN237,
   author = {Enard, D. and Messer, P. W. and Petrov, D. A.},
   title = {Genome-wide signals of positive selection in human evolution},
   journal = {Genome Res},
   volume = {24},
   number = {6},
   pages = {885-95},
   ISSN = {1549-5469 (Electronic)
1088-9051 (Linking)},
   DOI = {10.1101/gr.164822.113},
   url = {http://www.ncbi.nlm.nih.gov/pubmed/24619126},
   year = {2014},
   type = {Journal Article}
}

@article{RN229,
   author = {Eory, L. and Halligan, D. L. and Keightley, P. D.},
   title = {Distributions of Selectively Constrained Sites and Deleterious Mutation Rates in the Hominid and Murid Genomes},
   journal = {Molecular Biology and Evolution},
   volume = {27},
   number = {1},
   pages = {177-192},
   ISSN = {0737-4038
1537-1719},
   DOI = {10.1093/molbev/msp219},
   year = {2009},
   type = {Journal Article}
}

@article{RN241,
   author = {Ewing, G. B. and Jensen, J. D.},
   title = {The consequences of not accounting for background selection in demographic inference},
   journal = {Mol Ecol},
   volume = {25},
   number = {1},
   pages = {135-41},
   ISSN = {1365-294X (Electronic)
0962-1083 (Linking)},
   DOI = {10.1111/mec.13390},
   url = {https://www.ncbi.nlm.nih.gov/pubmed/26394805},
   year = {2016},
   type = {Journal Article}
}

@article{RN169,
   author = {Eyre-Walker, A.},
   title = {The genomic rate of adaptive evolution},
   journal = {Trends Ecol Evol},
   volume = {21},
   number = {10},
   pages = {569-75},
   ISSN = {0169-5347 (Print)
0169-5347 (Linking)},
   DOI = {10.1016/j.tree.2006.06.015},
   url = {http://www.ncbi.nlm.nih.gov/pubmed/16820244},
   year = {2006},
   type = {Journal Article}
}

@article{RN109,
   author = {Eyre-Walker, A. and Keightley, P. D.},
   title = {The distribution of fitness effects of new mutations},
   journal = {Nat Rev Genet},
   volume = {8},
   number = {8},
   pages = {610-8},
   ISSN = {1471-0056 (Print)
1471-0056 (Linking)},
   DOI = {10.1038/nrg2146},
   url = {http://www.ncbi.nlm.nih.gov/pubmed/17637733},
   year = {2007},
   type = {Journal Article}
}

@article{RN165,
   author = {Eyre-Walker, A. and Keightley, P. D.},
   title = {Estimating the rate of adaptive molecular evolution in the presence of slightly deleterious mutations and population size change},
   journal = {Mol Biol Evol},
   volume = {26},
   number = {9},
   pages = {2097-108},
   ISSN = {1537-1719 (Electronic)
0737-4038 (Linking)},
   DOI = {10.1093/molbev/msp119},
   url = {http://www.ncbi.nlm.nih.gov/pubmed/19535738},
   year = {2009},
   type = {Journal Article}
}

@article{RN275,
   author = {Eyre-Walker, A. and Woolfit, M. and Phelps, T.},
   title = {The distribution of fitness effects of new deleterious amino acid mutations in humans},
   journal = {Genetics},
   volume = {173},
   number = {2},
   pages = {891-900},
   ISSN = {0016-6731 (Print)
0016-6731 (Linking)},
   DOI = {10.1534/genetics.106.057570},
   url = {https://www.ncbi.nlm.nih.gov/pubmed/16547091},
   year = {2006},
   type = {Journal Article}
}

@book{RN360,
   author = {Falconer, D. S. and Mackay, F. C.},
   title = {Introduction to Quantitative Genetics},
   publisher = {Longman},
   address = {Harlow},
   edition = {4th},
   pages = {464},
   year = {1996},
   type = {Book}
}

@article{RN298,
   author = {Fay, J. C.},
   title = {Weighing the evidence for adaptation at the molecular level},
   journal = {Trends Genet},
   volume = {27},
   number = {9},
   pages = {343-9},
   ISSN = {0168-9525 (Print)
0168-9525 (Linking)},
   DOI = {10.1016/j.tig.2011.06.003},
   url = {https://www.ncbi.nlm.nih.gov/pubmed/21775012},
   year = {2011},
   type = {Journal Article}
}

@article{RN145,
   author = {Fay, J. C. and Wu, C. I.},
   title = {Hitchhiking Under Positive Darwinian Selection},
   journal = {Genetics},
   number = {155},
   pages = {1405-1413},
   year = {2000},
   type = {Journal Article}
}

@article{RN299,
   author = {Fay, J. C. and Wyckoff, G. J. and Wu, C. I.},
   title = {Positive and negative selection on the human genome},
   journal = {Genetics},
   volume = {158},
   pages = {1227-1234},
   year = {2001},
   type = {Journal Article}
}

@article{RN121,
   author = {Felsenstein, J.},
   title = {The Evolutionary Advantage of Recombination},
   journal = {Genetics},
   volume = {78},
   pages = {737-756},
   year = {1974},
   type = {Journal Article}
}

@article{RN301,
   author = {Field, Y. and Boyle, E. A. and Telis, N. and Gao, Z. and Gaulton, K. J. and Golan, D. and Yengo, L. and Rocheleau, G. and Froguel, P. and McCarthy, M. I. and Pritchard, J. K.},
   title = {Detection of human adaptation during the past 2000 years},
   journal = {Science},
   volume = {354},
   number = {6313},
   pages = {760-764},
   year = {2016},
   type = {Journal Article}
}

@book{RN199,
   author = {Fisher, R. A.},
   title = {The Genetical Theory of Natural Selection},
   publisher = {Oxford University Press},
   year = {1930},
   type = {Book}
}

@article{RN358,
   author = {Fisher, R. A.},
   title = {The distribution of gene ratios for rare mutations},
   journal = {Proc R Soc of Edinb},
   volume = {50},
   pages = {205-220},
   year = {1930},
   type = {Journal Article}
}

@article{RN348,
   author = {Franchini, Lucía F. and Pollard, Katherine S.},
   title = {Human evolution: the non-coding revolution},
   journal = {BMC Biology},
   volume = {15},
   number = {1},
   ISSN = {1741-7007},
   DOI = {10.1186/s12915-017-0428-9},
   year = {2017},
   type = {Journal Article}
}

@article{RN51,
   author = {Fraser, J. A. and Diezmann, S. and Subaran, R. L. and Allen, A. and Lengeler, K. B. and Dietrich, F. S. and Heitman, J.},
   title = {Convergent evolution of chromosomal sex-determining regions in the animal and fungal kingdoms},
   journal = {PLoS Biol},
   volume = {2},
   number = {12},
   pages = {e384},
   ISSN = {1545-7885 (Electronic)
1544-9173 (Linking)},
   DOI = {10.1371/journal.pbio.0020384},
   url = {http://www.ncbi.nlm.nih.gov/pubmed/15538538},
   year = {2004},
   type = {Journal Article}
}

@article{RN361,
   author = {Frisse, L. and Hudson, R. R. and Bartoszewicz, A. and Wall, J. D. and Donfack, J. and Di Rienzo, A.},
   title = {Gene Conversion and Different Population Histories May Explain the Contrast between Polymorphism and Linkage Disequilibrium Levels},
   journal = {Am J Hum Genet},
   volume = {69},
   pages = {831-843},
   year = {2001},
   type = {Journal Article}
}

@article{RN144,
   author = {Fu, Y. X.},
   title = {Statistical properties of segregating sites},
   journal = {Theoretical Population Biology},
   volume = {48},
   pages = {172-197},
   year = {1995},
   type = {Journal Article}
}

@article{RN137,
   author = {Fu, Y. X.},
   title = {Statistical Tests of Neutrality of Mutations Against Populations Growth, Hitchhiking and Background Selection},
   journal = {Genetics},
   volume = {147},
   pages = {915-925},
   year = {1997},
   type = {Journal Article}
}

@article{RN212,
   author = {Gaffney, D. J. and Keightley, P. D.},
   title = {Effect of the assignment of ancestral CpG state on the estimation of nucleotide substitution rates in mammals},
   journal = {BMC Evol Biol},
   volume = {8},
   pages = {265},
   ISSN = {1471-2148 (Electronic)
1471-2148 (Linking)},
   DOI = {10.1186/1471-2148-8-265},
   url = {http://www.ncbi.nlm.nih.gov/pubmed/18826599},
   year = {2008},
   type = {Journal Article}
}

@article{RN215,
   author = {Galtier, N.},
   title = {Adaptive protein evolution in animals and the effective eopulation size hypothesis},
   journal = {PLoS Genet},
   volume = {12},
   number = {1},
   pages = {e1005774},
   ISSN = {1553-7404 (Electronic)
1553-7390 (Linking)},
   DOI = {10.1371/journal.pgen.1005774},
   url = {http://www.ncbi.nlm.nih.gov/pubmed/26752180},
   year = {2016},
   type = {Journal Article}
}

@article{RN208,
   author = {Garud, N. R. and Messer, P. W. and Buzbas, E. O. and Petrov, D. A.},
   title = {Recent selective sweeps in North American Drosophila melanogaster show signatures of soft sweeps},
   journal = {PLoS Genet},
   volume = {11},
   number = {2},
   pages = {e1005004},
   ISSN = {1553-7404 (Electronic)
1553-7390 (Linking)},
   DOI = {10.1371/journal.pgen.1005004},
   url = {http://www.ncbi.nlm.nih.gov/pubmed/25706129},
   year = {2015},
   type = {Journal Article}
}

@article{RN303,
   author = {Garud, N. R. and Petrov, D. A.},
   title = {Elevated linkage disequilibrium and signatures of soft sweeps are common in Drosophila melanogaster},
   journal = {Genetics},
   volume = {203},
   number = {2},
   pages = {863-80},
   ISSN = {1943-2631 (Electronic)
0016-6731 (Linking)},
   DOI = {10.1534/genetics.115.184002},
   url = {https://www.ncbi.nlm.nih.gov/pubmed/27098909},
   year = {2016},
   type = {Journal Article}
}

@article{RN255,
   author = {Geraldes, A. and Basset, P. and Gibson, B. and Smith, K. L. and Harr, B. and Yu, H. T. and Bulatova, N. and Ziv, Y. and Nachman, M. W.},
   title = {Inferring the history of speciation in house mice from autosomal, X-linked, Y-linked and mitochondrial genes},
   journal = {Mol Ecol},
   volume = {17},
   number = {24},
   pages = {5349-63},
   ISSN = {1365-294X (Electronic)
0962-1083 (Linking)},
   DOI = {10.1111/j.1365-294X.2008.04005.x},
   url = {https://www.ncbi.nlm.nih.gov/pubmed/19121002},
   year = {2008},
   type = {Journal Article}
}

@article{RN315,
   author = {Geraldes, A. and Basset, P. and Smith, K. L. and Nachman, M. W.},
   title = {Higher differentiation among subspecies of the house mouse (Mus musculus) in genomic regions with low recombination},
   journal = {Mol Ecol},
   volume = {20},
   number = {22},
   pages = {4722-36},
   ISSN = {1365-294X (Electronic)
0962-1083 (Linking)},
   DOI = {10.1111/j.1365-294X.2011.05285.x},
   url = {https://www.ncbi.nlm.nih.gov/pubmed/22004102},
   year = {2011},
   type = {Journal Article}
}

@article{RN20,
   author = {Gill, M. S. and Lemey, P. and Faria, N. R. and Rambaut, A. and Shapiro, B. and Suchard, M. A.},
   title = {Improving Bayesian population dynamics inference: a coalescent-based model for multiple loci},
   journal = {Mol Biol Evol},
   volume = {30},
   number = {3},
   pages = {713-24},
   ISSN = {1537-1719 (Electronic)
0737-4038 (Linking)},
   DOI = {10.1093/molbev/mss265},
   url = {http://www.ncbi.nlm.nih.gov/pubmed/23180580},
   year = {2013},
   type = {Journal Article}
}

@book{RN204,
   author = {Gillespie, J. H.},
   title = {The Causes of Molecular Evolution},
   publisher = {Oxford University Press},
   year = {1991},
   type = {Book}
}

@article{RN190,
   author = {Gillespie, J. H.},
   title = {Genetic Drift in an Infinite Population: The Psuedohitchhiking Model},
   journal = {Genetics},
   volume = {155},
   pages = {909-919},
   year = {2000},
   type = {Journal Article}
}

@article{RN322,
   author = {Gimenez, M. D. and Forster, D. W. and Jones, E. P. and Johannesdottir, F. and Gabriel, S. I. and Panithanarak, T. and Scascitelli, M. and Merico, V. and Garagna, S. and Searle, J. B. and Hauffe, H. C.},
   title = {A Half-Century of Studies on a Chromosomal Hybrid Zone of the House Mouse},
   journal = {J Hered},
   volume = {108},
   number = {1},
   pages = {25-35},
   ISSN = {1465-7333 (Electronic)
0022-1503 (Linking)},
   DOI = {10.1093/jhered/esw061},
   url = {https://www.ncbi.nlm.nih.gov/pubmed/27729448},
   year = {2017},
   type = {Journal Article}
}

@article{RN276,
   author = {Glemin, S. and Arndt, P. F. and Messer, P. W. and Petrov, D. and Galtier, N. and Duret, L.},
   title = {Quantification of GC-biased gene conversion in the human genome},
   journal = {Genome Res},
   volume = {25},
   number = {8},
   pages = {1215-28},
   ISSN = {1549-5469 (Electronic)
1088-9051 (Linking)},
   DOI = {10.1101/gr.185488.114},
   url = {https://www.ncbi.nlm.nih.gov/pubmed/25995268},
   year = {2015},
   type = {Journal Article}
}

@article{RN344,
   author = {Gordo, I. and Navarro, A. and Charlesworth, B.},
   title = {Muller's Ratchet and the Pattern of Variation at a Neutral Locus},
   journal = {Genetics},
   volume = {161},
   pages = {835-848},
   year = {2002},
   type = {Journal Article}
}

@article{RN119,
   author = {Gossmann, T. I. and Keightley, P. D. and Eyre-Walker, A.},
   title = {The effect of variation in the effective population size on the rate of adaptive molecular evolution in eukaryotes},
   journal = {Genome Biol Evol},
   volume = {4},
   number = {5},
   pages = {658-67},
   ISSN = {1759-6653 (Electronic)
1759-6653 (Linking)},
   DOI = {10.1093/gbe/evs027},
   url = {http://www.ncbi.nlm.nih.gov/pubmed/22436998},
   year = {2012},
   type = {Journal Article}
}

@article{RN295,
   author = {Gossmann, T. I. and Song, B. H. and Windsor, A. J. and Mitchell-Olds, T. and Dixon, C. J. and Kapralov, M. V. and Filatov, D. A. and Eyre-Walker, A.},
   title = {Genome wide analyses reveal little evidence for adaptive evolution in many plant species},
   journal = {Mol Biol Evol},
   volume = {27},
   number = {8},
   pages = {1822-32},
   ISSN = {1537-1719 (Electronic)
0737-4038 (Linking)},
   DOI = {10.1093/molbev/msq079},
   url = {https://www.ncbi.nlm.nih.gov/pubmed/20299543},
   year = {2010},
   type = {Journal Article}
}

@article{RN161,
   author = {Graur, D. and Zheng, Y. and Price, N. and Azevedo, R. B. and Zufall, R. A. and Elhaik, E.},
   title = {On the immortality of television sets: "function" in the human genome according to the evolution-free gospel of ENCODE},
   journal = {Genome Biol Evol},
   volume = {5},
   number = {3},
   pages = {578-90},
   ISSN = {1759-6653 (Electronic)
1759-6653 (Linking)},
   DOI = {10.1093/gbe/evt028},
   url = {http://www.ncbi.nlm.nih.gov/pubmed/23431001},
   year = {2013},
   type = {Journal Article}
}

@article{RN188,
   author = {Green, R. E. and Krause, J. and Briggs, A. W. and Maricic, T. and Stenzel, U. and Kircher, M. and Patterson, N. and Li, H. and Zhai, W. and Fritz, M. H. and Hansen, N. F. and Durand, E. Y. and Malaspinas, A. S. and Jensen, J. D. and Marques-Bonet, T. and Alkan, C. and Prufer, K. and Meyer, M. and Burbano, H. A. and Good, J. M. and Schultz, R. and Aximu-Petri, A. and Butthof, A. and Hober, B. and Hoffner, B. and Siegemund, M. and Weihmann, A. and Nusbaum, C. and Lander, E. S. and Russ, C. and Novod, N. and Affourtit, J. and Egholm, M. and Verna, C. and Rudan, P. and Brajkovic, D. and Kucan, Z. and Gusic, I. and Doronichev, V. B. and Golovanova, L. V. and Lalueza-Fox, C. and de la Rasilla, M. and Fortea, J. and Rosas, A. and Schmitz, R. W. and Johnson, P. L. and Eichler, E. E. and Falush, D. and Birney, E. and Mullikin, J. C. and Slatkin, M. and Nielsen, R. and Kelso, J. and Lachmann, M. and Reich, D. and Paabo, S.},
   title = {A draft sequence of the Neandertal genome},
   journal = {Science},
   volume = {328},
   number = {5979},
   pages = {710-22},
   ISSN = {1095-9203 (Electronic)
0036-8075 (Linking)},
   DOI = {10.1126/science.1188021},
   url = {http://www.ncbi.nlm.nih.gov/pubmed/20448178},
   year = {2010},
   type = {Journal Article}
}

@article{RN245,
   author = {Grey, C. and Barthes, P. and Chauveau-Le Friec, G. and Langa, F. and Baudat, F. and de Massy, B.},
   title = {Mouse PRDM9 DNA-binding specificity determines sites of histone H3 lysine 4 trimethylation for initiation of meiotic recombination},
   journal = {PLoS Biol},
   volume = {9},
   number = {10},
   pages = {e1001176},
   ISSN = {1545-7885 (Electronic)
1544-9173 (Linking)},
   DOI = {10.1371/journal.pbio.1001176},
   url = {https://www.ncbi.nlm.nih.gov/pubmed/22028627},
   year = {2011},
   type = {Journal Article}
}

@article{RN248,
   author = {Grey, C. and Barthes, P. and Chauveau-Le Friec, G. and Langa, F. and Baudat, F. and de Massy, B.},
   title = {Mouse PRDM9 DNA-binding specificity determines sites of histone H3 lysine 4 trimethylation for initiation of meiotic recombination},
   journal = {PLoS Biol},
   volume = {9},
   number = {10},
   pages = {e1001176},
   ISSN = {1545-7885 (Electronic)
1544-9173 (Linking)},
   DOI = {10.1371/journal.pbio.1001176},
   url = {https://www.ncbi.nlm.nih.gov/pubmed/22028627},
   year = {2011},
   type = {Journal Article}
}

@article{RN284,
   author = {Haddrill, P. R. and Zeng, K. and Charlesworth, B.},
   title = {Determinants of synonymous and nonsynonymous variability in three species of Drosophila},
   journal = {Mol Biol Evol},
   volume = {28},
   number = {5},
   pages = {1731-43},
   ISSN = {1537-1719 (Electronic)
0737-4038 (Linking)},
   DOI = {10.1093/molbev/msq354},
   url = {https://www.ncbi.nlm.nih.gov/pubmed/21191087},
   year = {2011},
   type = {Journal Article}
}

@article{RN122,
   author = {Halligan, D. L. and Kousathanas, A. and Ness, R. W. and Harr, B. and Eory, L. and Keane, T. M. and Adams, D. J. and Keightley, P. D.},
   title = {Contributions of protein-coding and regulatory change to adaptive molecular evolution in murid rodents},
   journal = {PLoS Genet},
   volume = {9},
   number = {12},
   pages = {e1003995},
   ISSN = {1553-7404 (Electronic)
1553-7390 (Linking)},
   DOI = {10.1371/journal.pgen.1003995},
   url = {http://www.ncbi.nlm.nih.gov/pubmed/24339797},
   year = {2013},
   type = {Journal Article}
}

@article{RN158,
   author = {Halligan, D. L. and Oliver, F. and Eyre-Walker, A. and Harr, B. and Keightley, P. D.},
   title = {Evidence for pervasive adaptive protein evolution in wild mice},
   journal = {PLoS Genet},
   volume = {6},
   number = {1},
   pages = {e1000825},
   ISSN = {1553-7404 (Electronic)
1553-7390 (Linking)},
   DOI = {10.1371/journal.pgen.1000825},
   url = {http://www.ncbi.nlm.nih.gov/pubmed/20107605},
   year = {2010},
   type = {Journal Article}
}

@article{RN170,
   author = {Halligan, D. L. and Oliver, F. and Guthrie, J. and Stemshorn, K. C. and Harr, B. and Keightley, P. D.},
   title = {Positive and negative selection in murine ultraconserved noncoding elements},
   journal = {Mol Biol Evol},
   volume = {28},
   number = {9},
   pages = {2651-60},
   ISSN = {1537-1719 (Electronic)
0737-4038 (Linking)},
   DOI = {10.1093/molbev/msr093},
   url = {http://www.ncbi.nlm.nih.gov/pubmed/21478460},
   year = {2011},
   type = {Journal Article}
}

@article{RN306,
   author = {Hanchard, N. A. and Rockett, K. A. and Spencer, C. and Coop, G. and Pinder, M. and Jallow, M. and Kimber, M. and McVean, G. and Mott, R. and Kwiatkowski, D. P.},
   title = {Screening for recently selected alleles by analysis of human haplotype similarity},
   journal = {Am J Hum Genet},
   volume = {78},
   number = {1},
   pages = {153-9},
   ISSN = {0002-9297 (Print)
0002-9297 (Linking)},
   DOI = {10.1086/499252},
   url = {https://www.ncbi.nlm.nih.gov/pubmed/16385459},
   year = {2006},
   type = {Journal Article}
}

@article{RN14,
   author = {Hasselmann, M. and Beye, M.},
   title = {Signatures of selection among sex-determining alleles of the honey bee},
   journal = {Proc Natl Acad Sci U S A},
   volume = {101},
   number = {14},
   pages = {4888-93},
   ISSN = {0027-8424 (Print)
0027-8424 (Linking)},
   DOI = {10.1073/pnas.0307147101},
   url = {http://www.ncbi.nlm.nih.gov/pubmed/15051879},
   year = {2004},
   type = {Journal Article}
}

@article{RN16,
   author = {Hasselmann, M. and Gempe, T. and Schiott, M. and Nunes-Silva, C. G. and Otte, M. and Beye, M.},
   title = {Evidence for the evolutionary nascence of a novel sex determination pathway in honeybees},
   journal = {Nature},
   volume = {454},
   number = {7203},
   pages = {519-22},
   ISSN = {1476-4687 (Electronic)
0028-0836 (Linking)},
   DOI = {10.1038/nature07052},
   url = {http://www.ncbi.nlm.nih.gov/pubmed/18594516},
   year = {2008},
   type = {Journal Article}
}

@article{RN15,
   author = {Hasselmann, M. and Vekemans, X. and Pflugfelder, J. and Koeniger, N. and Koeniger, G. and Tingek, S. and Beye, M.},
   title = {Evidence for convergent nucleotide evolution and high allelic turnover rates at the complementary sex determiner gene of Western and Asian honeybees},
   journal = {Mol Biol Evol},
   volume = {25},
   number = {4},
   pages = {696-708},
   ISSN = {1537-1719 (Electronic)
0737-4038 (Linking)},
   DOI = {10.1093/molbev/msn011},
   url = {http://www.ncbi.nlm.nih.gov/pubmed/18192695},
   year = {2008},
   type = {Journal Article}
}

@article{RN278,
   author = {Hermisson, J. and Pennings, P. S.},
   title = {Soft sweeps: molecular population genetics of adaptation from standing genetic variation},
   journal = {Genetics},
   volume = {169},
   number = {4},
   pages = {2335-52},
   ISSN = {0016-6731 (Print)
0016-6731 (Linking)},
   DOI = {10.1534/genetics.104.036947},
   url = {https://www.ncbi.nlm.nih.gov/pubmed/15716498},
   year = {2005},
   type = {Journal Article}
}

@article{RN336,
   author = {Hermisson, Joachim and Pennings, Pleuni S.},
   title = {Soft sweeps and beyond: understanding the patterns and probabilities of selection footprints under rapid adaptation},
   journal = {Methods in Ecology and Evolution},
   volume = {8},
   number = {6},
   pages = {700-716},
   ISSN = {2041210X},
   DOI = {10.1111/2041-210x.12808},
   year = {2017},
   type = {Journal Article}
}

@article{RN162,
   author = {Hernandez, R.D. and Kelly, J. L. and Elyashiv, E. and Melton, S. C. and Auton, A. and McVean, G. and Project, 1000 Genomes and Sella, G. and Przeworski, M.},
   title = {Classic selective sweeps were rare in recent human evolution},
   journal = {Science},
   volume = {331},
   pages = {920-924},
   year = {2011},
   type = {Journal Article}
}

@article{RN176,
   author = {Hill, W. G. and Robertson, A.},
   title = {Linkage Disequilibrium in Finite Populations},
   journal = {Theoretical and Applied Genetics},
   volume = {38},
   pages = {226-231},
   year = {1968},
   type = {Journal Article}
}

@article{RN23,
   author = {Hoffmann, A. A. and Sgro, C. M. and Weeks, A. R.},
   title = {Chromosomal inversion polymorphisms and adaptation},
   journal = {Trends Ecol Evol},
   volume = {19},
   number = {9},
   pages = {482-8},
   ISSN = {0169-5347 (Print)
0169-5347 (Linking)},
   DOI = {10.1016/j.tree.2004.06.013},
   url = {http://www.ncbi.nlm.nih.gov/pubmed/16701311},
   year = {2004},
   type = {Journal Article}
}

@article{RN211,
   author = {Huber, C. D. and DeGiorgio, M. and Hellmann, I. and Nielsen, R.},
   title = {Detecting recent selective sweeps while controlling for mutation rate and background selection},
   journal = {Mol Ecol},
   ISSN = {1365-294X (Electronic)
0962-1083 (Linking)},
   DOI = {10.1111/mec.13351},
   url = {http://www.ncbi.nlm.nih.gov/pubmed/26290347},
   year = {2015},
   type = {Journal Article}
}

@article{RN261,
   author = {Hudson, R. R.},
   title = {Two-Locus Sampling Distributions and Their Applications},
   journal = {Genetics},
   volume = {159},
   pages = {12},
   year = {2001},
   type = {Journal Article}
}

@article{RN300,
   author = {Hudson, R. R. and Bailey, K and Skarecky, D. and Kwiakowski, J. and Ayala, F. J.},
   title = {Evidence for positive selection in the superoxide dismutase (Sod) region of Drosophila melanogaster},
   journal = {Genetics},
   volume = {136},
   pages = {1329-1340},
   year = {1994},
   type = {Journal Article}
}

@article{RN206,
   author = {Hudson, R. R. and Kaplan, N. L.},
   title = {Deleterious background selection with recombination},
   journal = {Genetics},
   volume = {141},
   pages = {1605-1617},
   year = {1995},
   type = {Journal Article}
}

@article{RN48,
   author = {Hudson, R. R. and Kreitman, M. and Aguade, M.},
   title = {A Test of Neutral Molecular Evolution Based on Nucleotide Data},
   journal = {Genetics},
   volume = {116},
   pages = {155-159},
   year = {1987},
   type = {Journal Article}
}

@article{RN33,
   author = {Innan, H.},
   title = {Population genetic models of duplicated genes},
   journal = {Genetica},
   volume = {137},
   number = {1},
   pages = {19-37},
   ISSN = {1573-6857 (Electronic)
0016-6707 (Linking)},
   DOI = {10.1007/s10709-009-9355-1},
   url = {http://www.ncbi.nlm.nih.gov/pubmed/19266289},
   year = {2009},
   type = {Journal Article}
}

@article{RN123,
   author = {Innan, H. and Stephen, W.},
   title = {Distinguishing the Hitchhiking and Background Selection Models},
   journal = {Genetics},
   number = {165},
   pages = {2307-2312},
   year = {2003},
   type = {Journal Article}
}

@article{RN325,
   author = {Jain, K. and Stephan, W.},
   title = {Rapid adaptation of a polygenic trait after a sudden environmental shift},
   journal = {Genetics},
   volume = {Early Online},
   year = {2017},
   type = {Journal Article}
}

@article{RN153,
   author = {Jensen, J. D.},
   title = {On the unfounded enthusiasm for soft selective sweeps},
   journal = {Nat Commun},
   volume = {5},
   pages = {5281},
   ISSN = {2041-1723 (Electronic)
2041-1723 (Linking)},
   DOI = {10.1038/ncomms6281},
   url = {http://www.ncbi.nlm.nih.gov/pubmed/25345443},
   year = {2014},
   type = {Journal Article}
}

@article{RN320,
   author = {Jensen, J. D. and Thornton, K. R. and Bustamante, C. D. and Aquadro, C. F.},
   title = {On the utility of linkage disequilibrium as a statistic for identifying targets of positive selection in nonequilibrium populations},
   journal = {Genetics},
   volume = {176},
   number = {4},
   pages = {2371-9},
   ISSN = {0016-6731 (Print)
0016-6731 (Linking)},
   DOI = {10.1534/genetics.106.069450},
   url = {https://www.ncbi.nlm.nih.gov/pubmed/17565955},
   year = {2007},
   type = {Journal Article}
}

@article{RN184,
   author = {Jensen-Seaman, M. I. and Furey, T. S. and Payseur, B. A. and Lu, Y. and Roskin, K. M. and Chen, C. F. and Thomas, M. A. and Haussler, D. and Jacob, H. I.},
   title = {Comparative Recombination Rates in the Rat, Mouse and Human Genomes},
   journal = {Genome Res},
   volume = {14},
   pages = {528-538},
   year = {2004},
   type = {Journal Article}
}

@article{RN250,
   author = {Johnston, S. E. and Berenos, C. and Slate, J. and Pemberton, J. M.},
   title = {Conserved Genetic Architecture Underlying Individual Recombination Rate Variation in a Wild Population of Soay Sheep (Ovis aries)},
   journal = {Genetics},
   volume = {203},
   number = {1},
   pages = {583-98},
   ISSN = {1943-2631 (Electronic)
0016-6731 (Linking)},
   DOI = {10.1534/genetics.115.185553},
   url = {https://www.ncbi.nlm.nih.gov/pubmed/27029733},
   year = {2016},
   type = {Journal Article}
}

@article{RN97,
   author = {Jones, R. T. and Salazar, P. A. and ffrench-Constant, R. H. and Jiggins, C. D. and Joron, M.},
   title = {Evolution of a mimicry supergene from a multilocus architecture},
   journal = {Proc Biol Sci},
   volume = {279},
   number = {1727},
   pages = {316-25},
   ISSN = {1471-2954 (Electronic)
0962-8452 (Linking)},
   DOI = {10.1098/rspb.2011.0882},
   url = {http://www.ncbi.nlm.nih.gov/pubmed/21676976},
   year = {2012},
   type = {Journal Article}
}

@article{RN50,
   author = {Joron, M. and Frezal, L. and Jones, R. T. and Chamberlain, N. L. and Lee, S. F. and Haag, C. R. and Whibley, A. and Becuwe, M. and Baxter, S. W. and Ferguson, L. and Wilkinson, P. A. and Salazar, C. and Davidson, C. and Clark, R. and Quail, M. A. and Beasley, H. and Glithero, R. and Lloyd, C. and Sims, S. and Jones, M. C. and Rogers, J. and Jiggins, C. D. and ffrench-Constant, R. H.},
   title = {Chromosomal rearrangements maintain a polymorphic supergene controlling butterfly mimicry},
   journal = {Nature},
   volume = {477},
   number = {7363},
   pages = {203-6},
   ISSN = {1476-4687 (Electronic)
0028-0836 (Linking)},
   DOI = {10.1038/nature10341},
   url = {http://www.ncbi.nlm.nih.gov/pubmed/21841803},
   year = {2011},
   type = {Journal Article}
}

@article{RN93,
   author = {Joron, M. and Papa, R. and Beltran, M. and Chamberlain, N. and Mavarez, J. and Baxter, S. and Abanto, M. and Bermingham, E. and Humphray, S. J. and Rogers, J. and Beasley, H. and Barlow, K. and ffrench-Constant, R. H. and Mallet, J. and McMillan, W. O. and Jiggins, C. D.},
   title = {A conserved supergene locus controls colour pattern diversity in Heliconius butterflies},
   journal = {PLoS Biol},
   volume = {4},
   number = {10},
   pages = {e303},
   ISSN = {1545-7885 (Electronic)
1544-9173 (Linking)},
   DOI = {10.1371/journal.pbio.0040303},
   url = {http://www.ncbi.nlm.nih.gov/pubmed/17002517},
   year = {2006},
   type = {Journal Article}
}

@article{RN271,
   author = {Josephs, E. B. and Lee, Y. W. and Stinchcombe, J. R. and Wright, S. I.},
   title = {Association mapping reveals the role of purifying selection in the maintenance of genomic variation in gene expression},
   journal = {Proc Natl Acad Sci},
   volume = {112},
   number = {50},
   pages = {15390-5},
   ISSN = {1091-6490 (Electronic)
0027-8424 (Linking)},
   DOI = {10.1073/pnas.1503027112},
   url = {https://www.ncbi.nlm.nih.gov/pubmed/26604315},
   year = {2015},
   type = {Journal Article}
}

@article{RN1,
   author = {Kamau, E. and Charlesworth, D.},
   title = {Balancing selection and low recombination affect diversity near the self-incompatibility loci of the plant Arabidopsis lyrata},
   journal = {Curr Biol},
   volume = {15},
   number = {19},
   pages = {1773-8},
   ISSN = {0960-9822 (Print)
0960-9822 (Linking)},
   DOI = {10.1016/j.cub.2005.08.062},
   url = {http://www.ncbi.nlm.nih.gov/pubmed/16213826},
   year = {2005},
   type = {Journal Article}
}

@article{RN53,
   author = {Kapan, D. D. and Flanagan, N. S. and Tobler, A. and Papa, R. and Reed, R. D. and Gonzalez, J. A. and Restrepo, M. R. and Martinez, L. and Maldonado, K. and Ritschoff, C. and Heckel, D. G. and McMillan, W. O.},
   title = {Localization of Mullerian mimicry genes on a dense linkage map of Heliconius erato},
   journal = {Genetics},
   volume = {173},
   number = {2},
   pages = {735-57},
   ISSN = {0016-6731 (Print)
0016-6731 (Linking)},
   DOI = {10.1534/genetics.106.057166},
   url = {http://www.ncbi.nlm.nih.gov/pubmed/16489214},
   year = {2006},
   type = {Journal Article}
}

@article{RN334,
   author = {Karasov, Talia and Messer, Philipp W. and Petrov, Dmitri A.},
   title = {Evidence that Adaptation in Drosophila Is Not Limited by Mutation at Single Sites},
   journal = {PLoS Genetics},
   volume = {6},
   number = {6},
   pages = {e1000924},
   ISSN = {1553-7404},
   DOI = {10.1371/journal.pgen.1000924},
   year = {2010},
   type = {Journal Article}
}

@article{RN333,
   author = {Kaur, T. and Rockman, M. V.},
   title = {Crossover heterogeneity in the absence of hotspots in Caenorhabditis elegans},
   journal = {Genetics},
   volume = {196},
   number = {1},
   pages = {137-48},
   ISSN = {1943-2631 (Electronic)
0016-6731 (Linking)},
   DOI = {10.1534/genetics.113.158857},
   url = {https://www.ncbi.nlm.nih.gov/pubmed/24172135},
   year = {2014},
   type = {Journal Article}
}

@article{RN5,
   author = {Kawabe, A. and Forrest, A. and Wright, S. I. and Charlesworth, D.},
   title = {High DNA sequence diversity in pericentromeric genes of the plant Arabidopsis lyrata},
   journal = {Genetics},
   volume = {179},
   number = {2},
   pages = {985-95},
   ISSN = {0016-6731 (Print)
0016-6731 (Linking)},
   DOI = {10.1534/genetics.107.085282},
   url = {http://www.ncbi.nlm.nih.gov/pubmed/18505875},
   year = {2008},
   type = {Journal Article}
}

@article{RN321,
   author = {Keightley, P. D. and Campos, J. L. and Booker, T. R. and Charlesworth, B.},
   title = {Inferring the frequency spectrum of derived variants to quantify adaptive molecular evolution in protein-coding genes of Drosophila melanogaster},
   journal = {Genetics},
   volume = {203},
   number = {2},
   pages = {975-84},
   ISSN = {1943-2631 (Electronic)
0016-6731 (Linking)},
   DOI = {10.1534/genetics.116.188102},
   url = {https://www.ncbi.nlm.nih.gov/pubmed/27098912},
   year = {2016},
   type = {Journal Article}
}

@article{RN164,
   author = {Keightley, P. D. and Eyre-Walker, A.},
   title = {Joint inference of the distribution of fitness effects of deleterious mutations and population demography based on nucleotide polymorphism frequencies},
   journal = {Genetics},
   volume = {177},
   number = {4},
   pages = {2251-61},
   ISSN = {0016-6731 (Print)
0016-6731 (Linking)},
   DOI = {10.1534/genetics.107.080663},
   url = {http://www.ncbi.nlm.nih.gov/pubmed/18073430},
   year = {2007},
   type = {Journal Article}
}

@article{RN202,
   author = {Keightley, P. D. and Eyre-Walker, A.},
   title = {What can we learn about the distribution of fitness effects of new mutations from DNA sequence data?},
   journal = {Philos Trans R Soc Lond B Biol Sci},
   volume = {365},
   number = {1544},
   pages = {1187-93},
   ISSN = {1471-2970 (Electronic)
0962-8436 (Linking)},
   DOI = {10.1098/rstb.2009.0266},
   url = {http://www.ncbi.nlm.nih.gov/pubmed/20308093},
   year = {2010},
   type = {Journal Article}
}

@article{RN343,
   author = {Kim, Y.},
   title = {Allele frequency distribution under recurrent selective sweeps},
   journal = {Genetics},
   volume = {172},
   number = {3},
   pages = {1967-78},
   ISSN = {0016-6731 (Print)
0016-6731 (Linking)},
   DOI = {10.1534/genetics.105.048447},
   url = {https://www.ncbi.nlm.nih.gov/pubmed/16361239},
   year = {2006},
   type = {Journal Article}
}

@article{RN319,
   author = {Kim, Y. and Nielsen, R.},
   title = {Linkage disequilibrium as a signature of selective sweeps},
   journal = {Genetics},
   volume = {167},
   number = {3},
   pages = {1513-24},
   ISSN = {0016-6731 (Print)
0016-6731 (Linking)},
   DOI = {10.1534/genetics.103.025387},
   url = {https://www.ncbi.nlm.nih.gov/pubmed/15280259},
   year = {2004},
   type = {Journal Article}
}

@article{RN349,
   author = {Kim, Y. and Stephan, W.},
   title = {Joint effects of genetic hitchhiking and background selection on neutral variation},
   journal = {Genetics},
   volume = {155},
   pages = {1415-1427},
   year = {2000},
   type = {Journal Article}
}

@article{RN194,
   author = {Kim, Y. and Wiehe, T.},
   title = {Simulation of DNA sequence evolution under models of recent directional selection},
   journal = {Brief Bioinform},
   volume = {10},
   number = {1},
   pages = {84-96},
   ISSN = {1477-4054 (Electronic)
1467-5463 (Linking)},
   DOI = {10.1093/bib/bbn048},
   url = {http://www.ncbi.nlm.nih.gov/pubmed/19109303},
   year = {2009},
   type = {Journal Article}
}

@article{RN205,
   author = {Kimura, M.},
   title = {On The Probability of Fixation of Mutant Genes in a Population},
   journal = {Genetics},
   volume = {47},
   pages = {713-719},
   year = {1962},
   type = {Journal Article}
}

@book{RN175,
   author = {Kimura, M.},
   title = {The Neutral Theory of Molecular Evolution},
   publisher = {Cambridge University Press},
   year = {1983},
   type = {Book}
}

@article{RN357,
   author = {Kimura, M. and Ohta, T.},
   title = {The average number of generations until fixation of a mutant gene in a finite population},
   journal = {Genetics},
   volume = {61},
   number = {3},
   pages = {763-771},
   year = {1969},
   type = {Journal Article}
}

@article{RN347,
   author = {King, M-C. and Wilson, A. C.},
   title = {Evolution at two levels in humans and chimpanzees},
   journal = {Science},
   volume = {188},
   number = {4184},
   pages = {107-116},
   year = {1975},
   type = {Journal Article}
}

@article{RN292,
   author = {Kono, H. and Tamura, M. and Osada, N. and Suzuki, H. and Abe, K. and Moriwaki, K. and Ohta, K. and Shiroishi, T.},
   title = {Prdm9 polymorphism unveils mouse evolutionary tracks},
   journal = {DNA Res},
   volume = {21},
   number = {3},
   pages = {315-26},
   ISSN = {1756-1663 (Electronic)
1340-2838 (Linking)},
   DOI = {10.1093/dnares/dst059},
   url = {https://www.ncbi.nlm.nih.gov/pubmed/24449848},
   year = {2014},
   type = {Journal Article}
}

@article{RN238,
   author = {Kousathanas, A. and Halligan, D. L. and Keightley, P. D.},
   title = {Faster-X adaptive protein evolution in house mice},
   journal = {Genetics},
   volume = {196},
   number = {4},
   pages = {1131-43},
   ISSN = {1943-2631 (Electronic)
0016-6731 (Linking)},
   DOI = {10.1534/genetics.113.158246},
   url = {http://www.ncbi.nlm.nih.gov/pubmed/24361937},
   year = {2014},
   type = {Journal Article}
}

@article{RN178,
   author = {Kousathanas, A. and Keightley, P. D.},
   title = {A comparison of models to infer the distribution of fitness effects of new mutations},
   journal = {Genetics},
   volume = {193},
   number = {4},
   pages = {1197-208},
   ISSN = {1943-2631 (Electronic)
0016-6731 (Linking)},
   DOI = {10.1534/genetics.112.148023},
   url = {http://www.ncbi.nlm.nih.gov/pubmed/23341416},
   year = {2013},
   type = {Journal Article}
}

@article{RN342,
   author = {Kousathanas, A. and Oliver, F. and Halligan, D. L. and Keightley, P. D.},
   title = {Positive and negative selection on noncoding DNA close to protein-coding genes in wild house mice},
   journal = {Mol Biol Evol},
   volume = {28},
   number = {3},
   pages = {1183-91},
   ISSN = {1537-1719 (Electronic)
0737-4038 (Linking)},
   DOI = {10.1093/molbev/msq299},
   url = {https://www.ncbi.nlm.nih.gov/pubmed/21059791},
   year = {2011},
   type = {Journal Article}
}

@article{RN61,
   author = {Kunte, K.},
   title = {The diversity and evolution of batesian mimicry in Papilio swallowtail butterflies},
   journal = {Evolution},
   volume = {63},
   number = {10},
   pages = {2707-16},
   ISSN = {1558-5646 (Electronic)
0014-3820 (Linking)},
   DOI = {10.1111/j.1558-5646.2009.00752.x},
   url = {http://www.ncbi.nlm.nih.gov/pubmed/19552738},
   year = {2009},
   type = {Journal Article}
}

@article{RN55,
   author = {Kunte, K. and Zhang, W. and Tenger-Trolander, A. and Palmer, D. H. and Martin, A. and Reed, R. D. and Mullen, S. P. and Kronforst, M. R.},
   title = {doublesex is a mimicry supergene},
   journal = {Nature},
   volume = {507},
   number = {7491},
   pages = {229-32},
   ISSN = {1476-4687 (Electronic)
0028-0836 (Linking)},
   DOI = {10.1038/nature13112},
   url = {http://www.ncbi.nlm.nih.gov/pubmed/24598547},
   year = {2014},
   type = {Journal Article}
}

@article{RN44,
   author = {Lahiani, E. and Dufay, M. and Castric, V. and Le Cadre, S. and Charlesworth, D. and Van Rossum, F. and Touzet, P.},
   title = {Disentangling the effects of mating systems and mutation rates on cytoplasmic [correction of cytoplamic] diversity in gynodioecious Silene nutans and dioecious Silene otites},
   journal = {Heredity (Edinb)},
   volume = {111},
   number = {2},
   pages = {157-64},
   ISSN = {1365-2540 (Electronic)
0018-067X (Linking)},
   DOI = {10.1038/hdy.2013.32},
   url = {http://www.ncbi.nlm.nih.gov/pubmed/23591518},
   year = {2013},
   type = {Journal Article}
}

@article{RN285,
   author = {Langley, C. H. and Stevens, K. and Cardeno, C. and Lee, Y. C. and Schrider, D. R. and Pool, J. E. and Langley, S. A. and Suarez, C. and Corbett-Detig, R. B. and Kolaczkowski, B. and Fang, S. and Nista, P. M. and Holloway, A. K. and Kern, A. D. and Dewey, C. N. and Song, Y. S. and Hahn, M. W. and Begun, D. J.},
   title = {Genomic variation in natural populations of Drosophila melanogaster},
   journal = {Genetics},
   volume = {192},
   number = {2},
   pages = {533-98},
   ISSN = {1943-2631 (Electronic)
0016-6731 (Linking)},
   DOI = {10.1534/genetics.112.142018},
   url = {https://www.ncbi.nlm.nih.gov/pubmed/22673804},
   year = {2012},
   type = {Journal Article}
}

@article{RN155,
   author = {Lawrie, D. S. and Messer, P. W. and Hershberg, R. and Petrov, D. A.},
   title = {Strong purifying selection at synonymous sites in D. melanogaster},
   journal = {PLoS Genet},
   volume = {9},
   number = {5},
   pages = {e1003527},
   ISSN = {1553-7404 (Electronic)
1553-7390 (Linking)},
   DOI = {10.1371/journal.pgen.1003527},
   url = {http://www.ncbi.nlm.nih.gov/pubmed/23737754},
   year = {2013},
   type = {Journal Article}
}

@article{RN45,
   author = {Leffler, E. M. and Bullaughey, K. and Matute, D. R. and Meyer, W. K. and Segurel, L. and Venkat, A. and Andolfatto, P. and Przeworski, M.},
   title = {Revisiting an old riddle: what determines genetic diversity levels within species?},
   journal = {PLoS Biol},
   volume = {10},
   number = {9},
   pages = {e1001388},
   ISSN = {1545-7885 (Electronic)
1544-9173 (Linking)},
   DOI = {10.1371/journal.pbio.1001388},
   url = {http://www.ncbi.nlm.nih.gov/pubmed/22984349},
   year = {2012},
   type = {Journal Article}
}

@article{RN222,
   author = {Lesecque, Y. and Glemin, S. and Lartillot, N. and Mouchiroud, D. and Duret, L.},
   title = {The red queen model of recombination hotspots evolution in the light of archaic and modern human genomes},
   journal = {PLoS Genet},
   volume = {10},
   number = {11},
   pages = {e1004790},
   ISSN = {1553-7404 (Electronic)
1553-7390 (Linking)},
   DOI = {10.1371/journal.pgen.1004790},
   url = {http://www.ncbi.nlm.nih.gov/pubmed/25393762},
   year = {2014},
   type = {Journal Article}
}

@book{RN183,
   author = {Lewontin, R.},
   title = {The Genetic Basis of Evolutionary Change},
   publisher = {Columbia University Press},
   pages = {374},
   year = {1974},
   type = {Book}
}

@article{RN251,
   author = {Li, H. and Durbin, R.},
   title = {Fast and accurate short read alignment with Burrows-Wheeler transform},
   journal = {Bioinformatics},
   volume = {25},
   number = {14},
   pages = {1754-60},
   ISSN = {1367-4811 (Electronic)
1367-4803 (Linking)},
   DOI = {10.1093/bioinformatics/btp324},
   url = {https://www.ncbi.nlm.nih.gov/pubmed/19451168},
   year = {2009},
   type = {Journal Article}
}

@article{RN252,
   author = {Li, H. and Handsaker, B. and Wysoker, A. and Fennell, T. and Ruan, J. and Homer, N. and Marth, G. and Abecasis, G. and Durbin, R. and Genome Project Data Processing, Subgroup},
   title = {The Sequence Alignment/Map format and SAMtools},
   journal = {Bioinformatics},
   volume = {25},
   number = {16},
   pages = {2078-9},
   ISSN = {1367-4811 (Electronic)
1367-4803 (Linking)},
   DOI = {10.1093/bioinformatics/btp352},
   url = {https://www.ncbi.nlm.nih.gov/pubmed/19505943},
   year = {2009},
   type = {Journal Article}
}

@article{RN177,
   author = {Li, W.H.},
   title = {Maintainance of Genetic Variability Under the Joint Effect of Mutation, Selection and Random Drift},
   journal = {Genetics},
   volume = {90},
   pages = {349-382},
   year = {1978},
   type = {Journal Article}
}

@article{RN85,
   author = {Librado, P. and Rozas, J.},
   title = {DnaSP v5: a software for comprehensive analysis of DNA polymorphism data},
   journal = {Bioinformatics},
   volume = {25},
   number = {11},
   pages = {1451-2},
   ISSN = {1367-4811 (Electronic)
1367-4803 (Linking)},
   DOI = {10.1093/bioinformatics/btp187},
   url = {http://www.ncbi.nlm.nih.gov/pubmed/19346325},
   year = {2009},
   type = {Journal Article}
}

@article{RN266,
   author = {Liu, E. Y. and Morgan, A. P. and Chesler, E. J. and Wang, W. and Churchill, G. A. and Pardo-Manuel de Villena, F.},
   title = {High-resolution sex-specific linkage maps of the mouse reveal polarized distribution of crossovers in male germline},
   journal = {Genetics},
   volume = {197},
   number = {1},
   pages = {91-106},
   ISSN = {1943-2631 (Electronic)
0016-6731 (Linking)},
   DOI = {10.1534/genetics.114.161653},
   url = {https://www.ncbi.nlm.nih.gov/pubmed/24578350},
   year = {2014},
   type = {Journal Article}
}

@article{RN37,
   author = {Liu, F. and Zhang, L. and Charlesworth, D.},
   title = {Genetic diversity in Leavenworthia populations with different inbreeding levels},
   journal = {Proc Biol Sci},
   volume = {265},
   number = {1393},
   pages = {293-301},
   ISSN = {0962-8452 (Print)
0962-8452 (Linking)},
   DOI = {10.1098/rspb.1998.0295},
   url = {http://www.ncbi.nlm.nih.gov/pubmed/9523432},
   year = {1998},
   type = {Journal Article}
}

@article{RN185,
   author = {Loewe, L. and Charlesworth, B.},
   title = {Inferring the distribution of mutational effects on fitness in Drosophila},
   journal = {Biol Lett},
   volume = {2},
   number = {3},
   pages = {426-30},
   ISSN = {1744-9561 (Print)
1744-9561 (Linking)},
   DOI = {10.1098/rsbl.2006.0481},
   url = {http://www.ncbi.nlm.nih.gov/pubmed/17148422},
   year = {2006},
   type = {Journal Article}
}

@article{RN326,
   author = {Loewe, L. and Charlesworth, B. and Bartolome, C. and Noel, V.},
   title = {Estimating selection on nonsynonymous mutations},
   journal = {Genetics},
   volume = {172},
   number = {2},
   pages = {1079-92},
   ISSN = {0016-6731 (Print)
0016-6731 (Linking)},
   DOI = {10.1534/genetics.105.047217},
   url = {https://www.ncbi.nlm.nih.gov/pubmed/16299397},
   year = {2006},
   type = {Journal Article}
}

@article{RN107,
   author = {Lohmueller, K. E. and Albrechtsen, A. and Li, Y. and Kim, S. Y. and Korneliussen, T. and Vinckenbosch, N. and Tian, G. and Huerta-Sanchez, E. and Feder, A. F. and Grarup, N. and Jorgensen, T. and Jiang, T. and Witte, D. R. and Sandbaek, A. and Hellmann, I. and Lauritzen, T. and Hansen, T. and Pedersen, O. and Wang, J. and Nielsen, R.},
   title = {Natural selection affects multiple aspects of genetic variation at putatively neutral sites across the human genome},
   journal = {PLoS Genet},
   volume = {7},
   number = {10},
   pages = {e1002326},
   ISSN = {1553-7404 (Electronic)
1553-7390 (Linking)},
   DOI = {10.1371/journal.pgen.1002326},
   url = {http://www.ncbi.nlm.nih.gov/pubmed/22022285},
   year = {2011},
   type = {Journal Article}
}

@article{RN353,
   author = {Lowe, C. B. and Kellis, M. and Siepel, A. and Raney, B. J. and Clamp, M. and Salama, S. R. and Kingsley, D. M. and Lindblad-Toh, K. and Haussler, D.},
   title = {Three periods of regulatory innovation during vertebrate evolution},
   journal = {Science},
   volume = {333},
   number = {6045},
   pages = {pp. 1019-1024},
   year = {2011},
   type = {Journal Article}
}

@article{RN75,
   author = {Lynch, M.},
   title = {Estimation of allele frequencies from high-coverage genome-sequencing projects},
   journal = {Genetics},
   volume = {182},
   number = {1},
   pages = {295-301},
   ISSN = {0016-6731 (Print)
0016-6731 (Linking)},
   DOI = {10.1534/genetics.109.100479},
   url = {http://www.ncbi.nlm.nih.gov/pubmed/19293142},
   year = {2009},
   type = {Journal Article}
}

@article{RN289,
   author = {Macpherson, J. M. and Sella, G. and Davis, J. C. and Petrov, D. A.},
   title = {Genomewide spatial correspondence between nonsynonymous divergence and neutral polymorphism reveals extensive adaptation in Drosophila},
   journal = {Genetics},
   volume = {177},
   number = {4},
   pages = {2083-99},
   ISSN = {0016-6731 (Print)
0016-6731 (Linking)},
   DOI = {10.1534/genetics.107.080226},
   url = {https://www.ncbi.nlm.nih.gov/pubmed/18073425},
   year = {2007},
   type = {Journal Article}
}

@article{RN94,
   author = {Manfield, I. W. and Pavlov, V. K. and Li, J. and Cook, H. E. and Hummel, F. and Gilmartin, P. M.},
   title = {Molecular characterization of DNA sequences from the Primula vulgaris S-locus},
   journal = {J Exp Bot},
   volume = {56},
   number = {414},
   pages = {1177-88},
   ISSN = {0022-0957 (Print)
0022-0957 (Linking)},
   DOI = {10.1093/jxb/eri110},
   url = {http://www.ncbi.nlm.nih.gov/pubmed/15723823},
   year = {2005},
   type = {Journal Article}
}

@article{RN297,
   author = {Matsumoto, T. and John, A. and Baeza-Centurion, P. and Li, B. and Akashi, H.},
   title = {Codon usage selection can bias estimation of the fraction of adaptive amino acid fixations},
   journal = {Mol Biol Evol},
   volume = {33},
   number = {6},
   pages = {1580-9},
   ISSN = {1537-1719 (Electronic)
0737-4038 (Linking)},
   DOI = {10.1093/molbev/msw027},
   url = {https://www.ncbi.nlm.nih.gov/pubmed/26873577},
   year = {2016},
   type = {Journal Article}
}

@article{RN124,
   author = {Maynard Smith, J. and Haigh, J.},
   title = {The hitch-hiking effect of a favourable gene},
   journal = {Genetical Research},
   volume = {23},
   pages = {23-25},
   year = {1974},
   type = {Journal Article}
}

@article{RN293,
   author = {McDonald, J. M. and Kreitman, M.},
   title = {Adaptive protein evolution at the Adh locus in Drosophila},
   journal = {Nature},
   volume = {351},
   year = {1991},
   type = {Journal Article}
}

@article{RN345,
   author = {McDonald, M. J. and Rice, D. P. and Desai, M. M.},
   title = {Sex speeds adaptation by altering the dynamics of molecular evolution},
   journal = {Nature},
   volume = {531},
   number = {7593},
   pages = {233-6},
   ISSN = {1476-4687 (Electronic)
0028-0836 (Linking)},
   DOI = {10.1038/nature17143},
   url = {https://www.ncbi.nlm.nih.gov/pubmed/26909573},
   year = {2016},
   type = {Journal Article}
}

@article{RN182,
   author = {McVean, G. and Awadalla, P. and Fearnhead, P.},
   title = {A Coalescent-Based Method for Detecting and Estimating Recombination From Gene Sequences},
   journal = {Genetics},
   volume = {160},
   pages = {1231-1241},
   year = {2002},
   type = {Journal Article}
}

@article{RN257,
   author = {McVean, G. and Myers, S. R. and Hunt, S. and Deloukas, P. and Bentley, D. R. and Donnelly, P.},
   title = {The Fine-Scale Structure of Recombination Rate Variation in the Human Genome},
   journal = {Science},
   volume = {304},
   year = {2004},
   type = {Journal Article}
}

@article{RN120,
   author = {McVicker, G. and Gordon, D. and Davis, C. and Green, P.},
   title = {Widespread genomic signatures of natural selection in hominid evolution},
   journal = {PLoS Genet},
   volume = {5},
   number = {5},
   pages = {e1000471},
   ISSN = {1553-7404 (Electronic)
1553-7390 (Linking)},
   DOI = {10.1371/journal.pgen.1000471},
   url = {http://www.ncbi.nlm.nih.gov/pubmed/19424416},
   year = {2009},
   type = {Journal Article}
}

@article{RN43,
   author = {Medvedev, P. and Fiume, M. and Dzamba, M. and Smith, T. and Brudno, M.},
   title = {Detecting copy number variation with mated short reads},
   journal = {Genome Res},
   volume = {20},
   number = {11},
   pages = {1613-22},
   ISSN = {1549-5469 (Electronic)
1088-9051 (Linking)},
   DOI = {10.1101/gr.106344.110},
   url = {http://www.ncbi.nlm.nih.gov/pubmed/20805290},
   year = {2010},
   type = {Journal Article}
}

@article{RN148,
   author = {Messer, P. W.},
   title = {SLiM: simulating evolution with selection and linkage},
   journal = {Genetics},
   volume = {194},
   number = {4},
   pages = {1037-9},
   ISSN = {1943-2631 (Electronic)
0016-6731 (Linking)},
   DOI = {10.1534/genetics.113.152181},
   url = {http://www.ncbi.nlm.nih.gov/pubmed/23709637},
   year = {2013},
   type = {Journal Article}
}

@article{RN314,
   author = {Messer, P. W. and Neher, R. A.},
   title = {Estimating the strength of selective sweeps from deep population diversity data},
   journal = {Genetics},
   volume = {191},
   number = {2},
   pages = {593-605},
   ISSN = {1943-2631 (Electronic)
0016-6731 (Linking)},
   DOI = {10.1534/genetics.112.138461},
   url = {https://www.ncbi.nlm.nih.gov/pubmed/22491190},
   year = {2012},
   type = {Journal Article}
}

@article{RN149,
   author = {Messer, P. W. and Petrov, D. A.},
   title = {Frequent adaptation and the McDonald-Kreitman test},
   journal = {Proc Natl Acad Sci},
   volume = {110},
   number = {21},
   pages = {8615-8620},
   year = {2013},
   type = {Journal Article}
}

@article{RN312,
   author = {Messer, P. W. and Petrov, D. A.},
   title = {Population genomics of rapid adaptation by soft selective sweeps},
   journal = {Trends Ecol Evol},
   volume = {28},
   number = {11},
   pages = {659-69},
   ISSN = {1872-8383 (Electronic)
0169-5347 (Linking)},
   DOI = {10.1016/j.tree.2013.08.003},
   url = {https://www.ncbi.nlm.nih.gov/pubmed/24075201},
   year = {2013},
   type = {Journal Article}
}

@article{RN69,
   author = {Moeller, D. A. and Tenaillon, M. I. and Tiffin, P.},
   title = {Population structure and its effects on patterns of nucleotide polymorphism in teosinte (Zea mays ssp. parviglumis)},
   journal = {Genetics},
   volume = {176},
   number = {3},
   pages = {1799-809},
   ISSN = {0016-6731 (Print)
0016-6731 (Linking)},
   DOI = {10.1534/genetics.107.070631},
   url = {http://www.ncbi.nlm.nih.gov/pubmed/17483429},
   year = {2007},
   type = {Journal Article}
}

@article{RN262,
   author = {Myers, S. R. and Bowden, R. and Tumian, A. and Bontrop, R. E. and Freeman, C. and MacFie, T. S. and McVean, G. and Donnelly, P.},
   title = {Drive Against Hotspot Motifs in Primates Implicates the PRDM9 Gene in Meiotic Recombination},
   journal = {Science},
   volume = {327},
   year = {2010},
   type = {Journal Article}
}

@article{RN191,
   author = {Nei, M. and Suzuki, Y. and Nozawa, M.},
   title = {The neutral theory of molecular evolution in the genomic era},
   journal = {Annu Rev Genomics Hum Genet},
   volume = {11},
   pages = {265-89},
   ISSN = {1545-293X (Electronic)
1527-8204 (Linking)},
   DOI = {10.1146/annurev-genom-082908-150129},
   url = {http://www.ncbi.nlm.nih.gov/pubmed/20565254},
   year = {2010},
   type = {Journal Article}
}

@article{RN193,
   author = {Nicolaisen, L. E. and Desai, M. M.},
   title = {Distortions in genealogies due to purifying selection and recombination},
   journal = {Genetics},
   volume = {195},
   number = {1},
   pages = {221-30},
   ISSN = {1943-2631 (Electronic)
0016-6731 (Linking)},
   DOI = {10.1534/genetics.113.152983},
   url = {http://www.ncbi.nlm.nih.gov/pubmed/23821597},
   year = {2013},
   type = {Journal Article}
}

@article{RN57,
   author = {Nielsen, R. and Paul, J. S. and Albrechtsen, A. and Song, Y. S.},
   title = {Genotype and SNP calling from next-generation sequencing data},
   journal = {Nat Rev Genet},
   volume = {12},
   number = {6},
   pages = {443-51},
   ISSN = {1471-0064 (Electronic)
1471-0056 (Linking)},
   DOI = {10.1038/nrg2986},
   url = {http://www.ncbi.nlm.nih.gov/pubmed/21587300},
   year = {2011},
   type = {Journal Article}
}

@article{RN62,
   author = {Nishikawa, H. and Iga, M. and Yamaguchi, J. and Saito, K. and Kataoka, H. and Suzuki, Y. and Sugano, S. and Fujiwara, H.},
   title = {Molecular basis of wing coloration in a Batesian mimic butterfly, Papilio polytes},
   journal = {Sci Rep},
   volume = {3},
   pages = {3184},
   ISSN = {2045-2322 (Electronic)
2045-2322 (Linking)},
   DOI = {10.1038/srep03184},
   url = {http://www.ncbi.nlm.nih.gov/pubmed/24212474},
   year = {2013},
   type = {Journal Article}
}

@article{RN157,
   author = {Nordborg, M. and Charlesworth, B. and Charlesworth, D.},
   title = {The effect of recombination on background selection},
   journal = {Genetical Research},
   volume = {67},
   pages = {159-174},
   year = {1996},
   type = {Journal Article}
}

@article{RN58,
   author = {Ohashi, J. and Naka, I. and Patarapotikul, J. and Hananantachai, H. and Brittenham, G. and Looareesuwan, S. and Clark, A. G. and Tokunaga, K.},
   title = {Extended linkage disequilibrium surrounding the hemoglobin E variant due to malarial selection},
   journal = {Am J Hum Genet},
   volume = {74},
   number = {6},
   pages = {1198-208},
   ISSN = {0002-9297 (Print)
0002-9297 (Linking)},
   DOI = {10.1086/421330},
   url = {http://www.ncbi.nlm.nih.gov/pubmed/15114532},
   year = {2004},
   type = {Journal Article}
}

@article{RN329,
   author = {Oliver, P. L. and Goodstadt, L. and Bayes, J. J. and Birtle, Z. and Roach, K. C. and Phadnis, N. and Beatson, S. A. and Lunter, G. and Malik, H. S. and Ponting, C. P.},
   title = {Accelerated evolution of the Prdm9 speciation gene across diverse metazoan taxa},
   journal = {PLoS Genet},
   volume = {5},
   number = {12},
   pages = {e1000753},
   ISSN = {1553-7404 (Electronic)
1553-7390 (Linking)},
   DOI = {10.1371/journal.pgen.1000753},
   url = {https://www.ncbi.nlm.nih.gov/pubmed/19997497},
   year = {2009},
   type = {Journal Article}
}

@article{RN362,
   author = {Orr, H. A.},
   title = {The Distribution of Fitness Effects Among Beneficial Mutations},
   journal = {Genetics},
   volume = {163},
   pages = {1519-1526},
   year = {2003},
   type = {Journal Article}
}

@article{RN350,
   author = {Otto, S. P. and Whitlock, M. C.},
   title = {The probability of fixation in populations of changing size},
   journal = {Genetics},
   volume = {146},
   number = {723-733},
   year = {1997},
   type = {Journal Article}
}

@article{RN247,
   author = {Paigen, K. and Petkov, P.},
   title = {Mammalian recombination hot spots: properties, control and evolution},
   journal = {Nat Rev Genet},
   volume = {11},
   number = {3},
   pages = {221-33},
   ISSN = {1471-0064 (Electronic)
1471-0056 (Linking)},
   DOI = {10.1038/nrg2712},
   url = {https://www.ncbi.nlm.nih.gov/pubmed/20168297},
   year = {2010},
   type = {Journal Article}
}

@article{RN263,
   author = {Paigen, K. and Szatkiewicz, J. P. and Sawyer, K. and Leahy, N. and Parvanov, E. D. and Ng, S. H. and Graber, J. H. and Broman, K. W. and Petkov, P. M.},
   title = {The recombinational anatomy of a mouse chromosome},
   journal = {PLoS Genet},
   volume = {4},
   number = {7},
   pages = {e1000119},
   ISSN = {1553-7404 (Electronic)
1553-7390 (Linking)},
   DOI = {10.1371/journal.pgen.1000119},
   url = {https://www.ncbi.nlm.nih.gov/pubmed/18617997},
   year = {2008},
   type = {Journal Article}
}

@article{RN302,
   author = {Pennings, P. S. and Hermisson, J.},
   title = {Soft Sweeps III: The signature of positive selection from recurrent mutation},
   journal = {PLoS Genet},
   volume = {2},
   number = {12},
   DOI = {10.1371/journal.pgen
10.1371/journal.pgen.0020186.eor)},
   year = {2006},
   type = {Journal Article}
}

@article{RN356,
   author = {Pennycuik, P. R. and Johnston, P. G. and Westwood, N. H. and Reisner, A. H.},
   title = {Variation in number in a house mouse population housed in a large outdoor enclosure},
   journal = {Journal of Animal Ecology},
   volume = {55},
   number = {1},
   pages = {371-391},
   year = {1986},
   type = {Journal Article}
}

@article{RN332,
   author = {Phung, T. N. and Huber, C. D. and Lohmueller, K. E.},
   title = {Determining the Effect of Natural Selection on Linked Neutral Divergence across Species},
   journal = {PLoS Genet},
   volume = {12},
   number = {8},
   pages = {e1006199},
   ISSN = {1553-7404 (Electronic)
1553-7390 (Linking)},
   DOI = {10.1371/journal.pgen.1006199},
   url = {https://www.ncbi.nlm.nih.gov/pubmed/27508305},
   year = {2016},
   type = {Journal Article}
}

@article{RN76,
   author = {Pool, J. E. and Corbett-Detig, R. B. and Sugino, R. P. and Stevens, K. A. and Cardeno, C. M. and Crepeau, M. W. and Duchen, P. and Emerson, J. J. and Saelao, P. and Begun, D. J. and Langley, C. H.},
   title = {Population Genomics of sub-saharan Drosophila melanogaster: African diversity and non-African admixture},
   journal = {PLoS Genet},
   volume = {8},
   number = {12},
   pages = {e1003080},
   ISSN = {1553-7404 (Electronic)
1553-7390 (Linking)},
   DOI = {10.1371/journal.pgen.1003080},
   url = {http://www.ncbi.nlm.nih.gov/pubmed/23284287},
   year = {2012},
   type = {Journal Article}
}

@article{RN147,
   author = {Pritchard, J. K. and Pickrell, J. K. and Coop, G.},
   title = {The genetics of human adaptation: hard sweeps, soft sweeps, and polygenic adaptation},
   journal = {Curr Biol},
   volume = {20},
   number = {4},
   pages = {R208-15},
   ISSN = {1879-0445 (Electronic)
0960-9822 (Linking)},
   DOI = {10.1016/j.cub.2009.11.055},
   url = {http://www.ncbi.nlm.nih.gov/pubmed/20178769},
   year = {2010},
   type = {Journal Article}
}

@article{RN311,
   author = {Przeworski, M.},
   title = {The signature of positive selection at randomly chosen loci},
   journal = {Genetics},
   volume = {160},
   pages = {1179-1189},
   year = {2002},
   type = {Journal Article}
}

@article{RN286,
   author = {Przeworski, M. and Coop, G. and Wall, J. D.},
   title = {The Signature of Positive Selection on Standing Genetic Variation},
   journal = {Evolution},
   volume = {59},
   number = {11},
   pages = {2312-2323},
   year = {2005},
   type = {Journal Article}
}

@article{RN72,
   author = {Qiu, S. and Bergero, R. and Forrest, A. and Kaiser, V. B. and Charlesworth, D.},
   title = {Nucleotide diversity in Silene latifolia autosomal and sex-linked genes},
   journal = {Proc Biol Sci},
   volume = {277},
   number = {1698},
   pages = {3283-90},
   ISSN = {1471-2954 (Electronic)
0962-8452 (Linking)},
   DOI = {10.1098/rspb.2010.0606},
   url = {http://www.ncbi.nlm.nih.gov/pubmed/20519224},
   year = {2010},
   type = {Journal Article}
}

@article{RN279,
   author = {Quinlan, A. R. and Hall, I. M.},
   title = {BEDTools: a flexible suite of utilities for comparing genomic features},
   journal = {Bioinformatics},
   volume = {26},
   number = {6},
   pages = {841-842},
   ISSN = {1367-4803
1460-2059},
   DOI = {10.1093/bioinformatics/btq033},
   year = {2010},
   type = {Journal Article}
}

@article{RN341,
   author = {Racimo, F. and Schraiber, J. G.},
   title = {Approximation to the distribution of fitness effects across functional categories in human segregating polymorphisms},
   journal = {PLoS Genet},
   volume = {10},
   number = {11},
   pages = {e1004697},
   ISSN = {1553-7404 (Electronic)
1553-7390 (Linking)},
   DOI = {10.1371/journal.pgen.1004697},
   url = {https://www.ncbi.nlm.nih.gov/pubmed/25375159},
   year = {2014},
   type = {Journal Article}
}

@article{RN87,
   author = {Ramirez-Soriano, A. and Ramos-Onsins, S. E. and Rozas, J. and Calafell, F. and Navarro, A.},
   title = {Statistical power analysis of neutrality tests under demographic expansions, contractions and bottlenecks with recombination},
   journal = {Genetics},
   volume = {179},
   number = {1},
   pages = {555-67},
   ISSN = {0016-6731 (Print)
0016-6731 (Linking)},
   DOI = {10.1534/genetics.107.083006},
   url = {http://www.ncbi.nlm.nih.gov/pubmed/18493071},
   year = {2008},
   type = {Journal Article}
}

@article{RN54,
   author = {Raymond, C. K. and Kas, A. and Paddock, M. and Qiu, R. and Zhou, Y. and Subramanian, S. and Chang, J. and Palmieri, A. and Haugen, E. and Kaul, R. and Olson, M. V.},
   title = {Ancient haplotypes of the HLA Class II region},
   journal = {Genome Res},
   volume = {15},
   number = {9},
   pages = {1250-7},
   ISSN = {1088-9051 (Print)
1088-9051 (Linking)},
   DOI = {10.1101/gr.3554305},
   url = {http://www.ncbi.nlm.nih.gov/pubmed/16140993},
   year = {2005},
   type = {Journal Article}
}

@article{RN207,
   author = {Reed, F. A. and Akey, J. M. and Aquadro, C. F.},
   title = {Fitting background-selection predictions to levels of nucleotide variation and divergence along human autosomes},
   journal = {Genome Res},
   volume = {15},
   pages = {1211-1221},
   year = {2005},
   type = {Journal Article}
}

@article{RN335,
   author = {Robertson, A.},
   title = {A theory of limits in artificial selection},
   journal = {Philos Trans R Soc Lond B Biol Sci},
   volume = {153},
   number = {951},
   pages = {16},
   DOI = {10.1098/rspb.1960.0099},
   year = {1960},
   type = {Journal Article}
}

@article{RN152,
   author = {Romiguier, J. and Gayral, P. and Ballenghien, M. and Bernard, A. and Cahais, V. and Chenuil, A. and Chiari, Y. and Dernat, R. and Duret, L. and Faivre, N. and Loire, E. and Lourenco, J. M. and Nabholz, B. and Roux, C. and Tsagkogeorga, G. and Weber, A. A. and Weinert, L. A. and Belkhir, K. and Bierne, N. and Glemin, S. and Galtier, N.},
   title = {Comparative population genomics in animals uncovers the determinants of genetic diversity},
   journal = {Nature},
   volume = {515},
   number = {7526},
   pages = {261-3},
   ISSN = {1476-4687 (Electronic)
0028-0836 (Linking)},
   DOI = {10.1038/nature13685},
   url = {http://www.ncbi.nlm.nih.gov/pubmed/25141177},
   year = {2014},
   type = {Journal Article}
}

@article{RN310,
   author = {Sabeti, P. C. and Reich, D. E. and Higgins, J. M. and Levine, H. Z. P. and Richter, D. J. and Schaffner, S. F. and Gabriel, S. B. and Platko, J. V. and Patterson, N. and McDonald, G. J. and Ackerman, H. C. and Campbell, S. J. and Altshuler, D. and Cooper, R. and Kwiakowski, D. and Ward, R. and Lander, E. S.},
   title = {Detecting recent positive selection in the human genome from haplotype structure},
   journal = {Nature},
   volume = {419},
   number = {6909},
   pages = {832-7},
   year = {2002},
   type = {Journal Article}
}

@article{RN309,
   author = {Sabeti, P. C. and Varilly, P. and Fry, B. and Lohmueller, J. and Hostetter, E. and Cotsapas, C. and Xie, X. and Byrne, E. H. and McCarroll, S. A. and Gaudet, R. and Schaffner, S. F. and Lander, E. S. and International HapMap, Consortium and Frazer, K. A. and Ballinger, D. G. and Cox, D. R. and Hinds, D. A. and Stuve, L. L. and Gibbs, R. A. and Belmont, J. W. and Boudreau, A. and Hardenbol, P. and Leal, S. M. and Pasternak, S. and Wheeler, D. A. and Willis, T. D. and Yu, F. and Yang, H. and Zeng, C. and Gao, Y. and Hu, H. and Hu, W. and Li, C. and Lin, W. and Liu, S. and Pan, H. and Tang, X. and Wang, J. and Wang, W. and Yu, J. and Zhang, B. and Zhang, Q. and Zhao, H. and Zhao, H. and Zhou, J. and Gabriel, S. B. and Barry, R. and Blumenstiel, B. and Camargo, A. and Defelice, M. and Faggart, M. and Goyette, M. and Gupta, S. and Moore, J. and Nguyen, H. and Onofrio, R. C. and Parkin, M. and Roy, J. and Stahl, E. and Winchester, E. and Ziaugra, L. and Altshuler, D. and Shen, Y. and Yao, Z. and Huang, W. and Chu, X. and He, Y. and Jin, L. and Liu, Y. and Shen, Y. and Sun, W. and Wang, H. and Wang, Y. and Wang, Y. and Xiong, X. and Xu, L. and Waye, M. M. and Tsui, S. K. and Xue, H. and Wong, J. T. and Galver, L. M. and Fan, J. B. and Gunderson, K. and Murray, S. S. and Oliphant, A. R. and Chee, M. S. and Montpetit, A. and Chagnon, F. and Ferretti, V. and Leboeuf, M. and Olivier, J. F. and Phillips, M. S. and Roumy, S. and Sallee, C. and Verner, A. and Hudson, T. J. and Kwok, P. Y. and Cai, D. and Koboldt, D. C. and Miller, R. D. and others },
   title = {Genome-wide detection and characterization of positive selection in human populations},
   journal = {Nature},
   volume = {449},
   number = {7164},
   pages = {913-8},
   ISSN = {1476-4687 (Electronic)
0028-0836 (Linking)},
   DOI = {10.1038/nature06250},
   url = {https://www.ncbi.nlm.nih.gov/pubmed/17943131},
   year = {2007},
   type = {Journal Article}
}

@article{RN167,
   author = {Sattath, S. and Elyashiv, E. and Kolodny, O. and Rinott, Y. and Sella, G.},
   title = {Pervasive adaptive protein evolution apparent in diversity patterns around amino acid substitutions in Drosophila simulans},
   journal = {PLoS Genet},
   volume = {7},
   number = {2},
   pages = {e1001302},
   ISSN = {1553-7404 (Electronic)
1553-7390 (Linking)},
   DOI = {10.1371/journal.pgen.1001302},
   url = {http://www.ncbi.nlm.nih.gov/pubmed/21347283},
   year = {2011},
   type = {Journal Article}
}

@article{RN73,
   author = {Schmieder, S. and Colinet, D. and Poirie, M.},
   title = {Tracing back the nascence of a new sex-determination pathway to the ancestor of bees and ants},
   journal = {Nat Commun},
   volume = {3},
   pages = {895},
   ISSN = {2041-1723 (Electronic)
2041-1723 (Linking)},
   DOI = {10.1038/ncomms1898},
   url = {http://www.ncbi.nlm.nih.gov/pubmed/22692538},
   year = {2012},
   type = {Journal Article}
}

@article{RN210,
   author = {Schneider, A. and Charlesworth, B. and Eyre-Walker, A. and Keightley, P. D.},
   title = {A method for inferring the rate of occurrence and fitness effects of advantageous mutations},
   journal = {Genetics},
   volume = {189},
   number = {4},
   pages = {1427-37},
   ISSN = {1943-2631 (Electronic)
0016-6731 (Linking)},
   DOI = {10.1534/genetics.111.131730},
   url = {http://www.ncbi.nlm.nih.gov/pubmed/21954160},
   year = {2011},
   type = {Journal Article}
}

@article{RN337,
   author = {Schrider, D. R. and Kern, A. D.},
   title = {S/HIC: Robust Identification of Soft and Hard Sweeps Using Machine Learning},
   journal = {PLoS Genet},
   volume = {12},
   number = {3},
   pages = {e1005928},
   ISSN = {1553-7404 (Electronic)
1553-7390 (Linking)},
   DOI = {10.1371/journal.pgen.1005928},
   url = {https://www.ncbi.nlm.nih.gov/pubmed/26977894},
   year = {2016},
   type = {Journal Article}
}

@article{RN338,
   author = {Schrider, D. R. and Kern, A. D.},
   title = {Soft sweeps are the dominant mode of adaptation in the human genome},
   journal = {Mol Biol Evol},
   ISSN = {1537-1719 (Electronic)
0737-4038 (Linking)},
   DOI = {10.1093/molbev/msx154},
   url = {https://www.ncbi.nlm.nih.gov/pubmed/28482049},
   year = {2017},
   type = {Journal Article}
}

@article{RN242,
   author = {Schrider, R. Daniel and Shanku, G. Alexander and Kern, D. Andrew},
   title = {Effects of linked selective sweeps on demographic inference and model selection},
   journal = {Genetics},
   number = {Early Online Access},
   year = {2016},
   type = {Journal Article}
}

@article{RN99,
   author = {Schwander, T. and Libbrecht, R. and Keller, L.},
   title = {Supergenes and complex phenotypes},
   journal = {Curr Biol},
   volume = {24},
   number = {7},
   pages = {R288-94},
   ISSN = {1879-0445 (Electronic)
0960-9822 (Linking)},
   DOI = {10.1016/j.cub.2014.01.056},
   url = {http://www.ncbi.nlm.nih.gov/pubmed/24698381},
   year = {2014},
   type = {Journal Article}
}

@article{RN264,
   author = {Schwartz, J. J. and Roach, D. J. and Thomas, J. H. and Shendure, J.},
   title = {Primate evolution of the recombination regulator PRDM9},
   journal = {Nat Commun},
   volume = {5},
   pages = {4370},
   ISSN = {2041-1723 (Electronic)
2041-1723 (Linking)},
   DOI = {10.1038/ncomms5370},
   url = {https://www.ncbi.nlm.nih.gov/pubmed/25001002},
   year = {2014},
   type = {Journal Article}
}

@article{RN171,
   author = {Sella, G. and Petrov, D. A. and Przeworski, M. and Andolfatto, P.},
   title = {Pervasive natural selection in the Drosophila genome?},
   journal = {PLoS Genet},
   volume = {19},
   number = {6},
   DOI = {10.1371/},
   year = {2009},
   type = {Journal Article}
}

@article{RN159,
   author = {Seplyarskiy, V. B. and Logacheva, M. D. and Penin, A. A. and Baranova, M. A. and Leushkin, E. V. and Demidenko, N. V. and Klepikova, A. V. and Kondrashov, F. A. and Kondrashov, A. S. and James, T. Y.},
   title = {Crossing-over in a hypervariable species preferentially occurs in regions of high local similarity},
   journal = {Mol Biol Evol},
   year = {2014},
   type = {Journal Article}
}

@article{RN258,
   author = {Singhal, Sonal and Leffler, Ellen and Sannareddy, Keerthi and Turner, Isaac and Venn, Oliver and Hooper, Daniel and Strand, Alva and Li, Qiye and Raney, Brian and Balakrishnan, Christopher and Griffith, Simon and McVean, G. and Przeworski, M.},
   title = {Stable Recombination Hotspots in Birds},
   journal = {Science},
   volume = {350},
   number = {6263},
   pages = {6},
   year = {2015},
   type = {Journal Article}
}

@article{RN189,
   author = {Skotte, L. and Korneliussen, T. S. and Albrechtsen, A.},
   title = {Estimating individual admixture proportions from next generation sequencing data},
   journal = {Genetics},
   volume = {195},
   number = {3},
   pages = {693-702},
   ISSN = {1943-2631 (Electronic)
0016-6731 (Linking)},
   DOI = {10.1534/genetics.113.154138},
   url = {http://www.ncbi.nlm.nih.gov/pubmed/24026093},
   year = {2013},
   type = {Journal Article}
}

@article{RN249,
   author = {Smagulova, F. and Brick, K. and Yongmei, P. and Camerini-Otero, R. D. and Petukhova, G. V.},
   title = {The evolutionary turnover of recombination hotspots contributes to speciation in mice},
   journal = {Genes & Development},
   volume = {30},
   pages = {277-280},
   DOI = {10.1101/gad.270009},
   year = {2016},
   type = {Journal Article}
}

@article{RN180,
   author = {Smagulova, F. and Gregoretti, I. V. and Brick, K. and Khil, P. and Camerini-Otero, R. D. and Petukhova, G. V.},
   title = {Genome-wide analysis reveals novel molecular features of mouse recombination hotspots},
   journal = {Nature},
   volume = {472},
   number = {7343},
   pages = {375-8},
   ISSN = {1476-4687 (Electronic)
0028-0836 (Linking)},
   DOI = {10.1038/nature09869},
   url = {http://www.ncbi.nlm.nih.gov/pubmed/21460839},
   year = {2011},
   type = {Journal Article}
}

@article{RN174,
   author = {Smukowski, C. S. and Noor, M. A.},
   title = {Recombination rate variation in closely related species},
   journal = {Heredity (Edinb)},
   volume = {107},
   number = {6},
   pages = {496-508},
   ISSN = {1365-2540 (Electronic)
0018-067X (Linking)},
   DOI = {10.1038/hdy.2011.44},
   url = {http://www.ncbi.nlm.nih.gov/pubmed/21673743},
   year = {2011},
   type = {Journal Article}
}

@article{RN259,
   author = {Smukowski Heil, C. S. and Ellison, C. and Dubin, M. and Noor, M. A.},
   title = {Recombining without Hotspots: A Comprehensive Evolutionary Portrait of Recombination in Two Closely Related Species of Drosophila},
   journal = {Genome Biol Evol},
   volume = {7},
   number = {10},
   pages = {2829-42},
   ISSN = {1759-6653 (Electronic)
1759-6653 (Linking)},
   DOI = {10.1093/gbe/evv182},
   url = {https://www.ncbi.nlm.nih.gov/pubmed/26430062},
   year = {2015},
   type = {Journal Article}
}

@article{RN339,
   author = {Stephan, W.},
   title = {Genetic hitchhiking versus background selection: the controversy and its implications},
   journal = {Philos Trans R Soc Lond B Biol Sci},
   volume = {365},
   number = {1544},
   pages = {1245-53},
   ISSN = {1471-2970 (Electronic)
0962-8436 (Linking)},
   DOI = {10.1098/rstb.2009.0278},
   url = {https://www.ncbi.nlm.nih.gov/pubmed/20308100},
   year = {2010},
   type = {Journal Article}
}

@article{RN282,
   author = {Stephan, W. and Langley, C. H.},
   title = {Molecular Genetic Variation in the Centromeric Region of the X Chromosome in Three Drosohila ananassae Populations. I. Constrasts Between the vermilion and forked Loci.},
   journal = {Genetics
},
   volume = {121},
   pages = {89-99},
   year = {1989},
   type = {Journal Article}
}

@article{RN160,
   author = {Stephan, W. and Langley, C. H.},
   title = {Evolutionary Consequences of DNA Mismatch Inhibited Repair Opportunity},
   journal = {Genetics},
   volume = {132},
   pages = {567-574},
   year = {1992},
   type = {Journal Article}
}

@article{RN42,
   author = {Stevison, L. S. and Hoehn, K. B. and Noor, M. A.},
   title = {Effects of inversions on within- and between-species recombination and divergence},
   journal = {Genome Biol Evol},
   volume = {3},
   pages = {830-41},
   ISSN = {1759-6653 (Electronic)
1759-6653 (Linking)},
   DOI = {10.1093/gbe/evr081},
   url = {http://www.ncbi.nlm.nih.gov/pubmed/21828374},
   year = {2011},
   type = {Journal Article}
}

@article{RN221,
   author = {Stevison, L. S. and Woerner, A. E. and Kidd, J. M. and Kelley, J. L. and Veeramah, K. R. and McManus, K. F. and Great Ape Genome, Project and Bustamante, C. D. and Hammer, M. F. and Wall, J. D.},
   title = {The Time Scale of Recombination Rate Evolution in Great Apes},
   journal = {Mol Biol Evol},
   ISSN = {1537-1719 (Electronic)
0737-4038 (Linking)},
   DOI = {10.1093/molbev/msv331},
   url = {http://www.ncbi.nlm.nih.gov/pubmed/26671457},
   year = {2015},
   type = {Journal Article}
}

@article{RN253,
   author = {Tajima, F.},
   title = {Evolutionary Relationship of DNA Sequences in Finite Populations},
   journal = {Genetics},
   volume = {105},
   pages = {437-460},
   year = {1983},
   type = {Journal Article}
}

@article{RN90,
   author = {Tajima, F.},
   title = {Statistical method for testing the neutral mutation hypothesis by polymorphism},
   journal = {Genetics},
   volume = {123},
   pages = {585-595},
   year = {1989},
   type = {Journal Article}
}

@article{RN354,
   author = {Tataru, P. and Mollion, M. and Glemin, S. and Bataillon, T.},
   title = {Inference of distribution of fitness effects and proportion of adaptive substitutions from polymorphism data},
   journal = {Genetics},
   volume = {207},
   number = {3},
   pages = {1103-1119},
   ISSN = {1943-2631 (Electronic)
0016-6731 (Linking)},
   DOI = {10.1534/genetics.117.300323},
   url = {https://www.ncbi.nlm.nih.gov/pubmed/28951530},
   year = {2017},
   type = {Journal Article}
}

@article{RN355,
   author = {Teschke, M. and Mukabayire, O. and Wiehe, T. and Tautz, D.},
   title = {Identification of selective sweeps in closely related populations of the house mouse based on microsatellite scans},
   journal = {Genetics},
   volume = {180},
   pages = {1537-1545},
   year = {2008},
   type = {Journal Article}
}

@article{RN272,
   author = {The 1000 Genomes Project Consortium and Auton, A. and Brooks, L. D. and Durbin, R. M. and Garrison, E. P. and Kang, H. M. and Korbel, J. O. and Marchini, J. L. and McCarthy, S. and McVean, G. A. and Abecasis, G. R.},
   title = {A global reference for human genetic variation},
   journal = {Nature},
   volume = {526},
   number = {7571},
   pages = {68-74},
   ISSN = {1476-4687 (Electronic)
0028-0836 (Linking)},
   DOI = {10.1038/nature15393},
   url = {https://www.ncbi.nlm.nih.gov/pubmed/26432245},
   year = {2015},
   type = {Journal Article}
}

@article{RN316,
   author = {Thurman, T. J. and Barrett, R. D.},
   title = {The genetic consequences of selection in natural populations},
   journal = {Mol Ecol},
   volume = {25},
   number = {7},
   pages = {1429-48},
   ISSN = {1365-294X (Electronic)
0962-1083 (Linking)},
   DOI = {10.1111/mec.13559},
   url = {https://www.ncbi.nlm.nih.gov/pubmed/26836758},
   year = {2016},
   type = {Journal Article}
}

@article{RN65,
   author = {Timmermans, M. J. and Baxter, S. W. and Clark, R. and Heckel, D. G. and Vogel, H. and Collins, S. and Papanicolaou, A. and Fukova, I. and Joron, M. and Thompson, M. J. and Jiggins, C. D. and ffrench-Constant, R. H. and Vogler, A. P.},
   title = {Comparative genomics of the mimicry switch in Papilio dardanus},
   journal = {Proc Biol Sci},
   volume = {281},
   number = {1787},
   ISSN = {1471-2954 (Electronic)
0962-8452 (Linking)},
   DOI = {10.1098/rspb.2014.0465},
   url = {http://www.ncbi.nlm.nih.gov/pubmed/24920480},
   year = {2014},
   type = {Journal Article}
}

@article{RN228,
   author = {Uchimura, A. and Higuchi, M. and Minakuchi, Y. and Ohno, M. and Toyoda, A. and Fujiyama, A. and Miura, I. and Wakana, S. and Nishino, J. and Yagi, T.},
   title = {Germline mutation rates and the long-term phenotypic effects of mutation accumulation in wild-type laboratory mice and mutator mice},
   journal = {Genome Res},
   volume = {25},
   number = {8},
   pages = {1125-34},
   ISSN = {1549-5469 (Electronic)
1088-9051 (Linking)},
   DOI = {10.1101/gr.186148.114},
   url = {http://www.ncbi.nlm.nih.gov/pubmed/26129709},
   year = {2015},
   type = {Journal Article}
}

@article{RN34,
   author = {Uitdewilligen, J. G. and Wolters, A. M. and D'Hoop B, B. and Borm, T. J. and Visser, R. G. and van Eck, H. J.},
   title = {A next-generation sequencing method for genotyping-by-sequencing of highly heterozygous autotetraploid potato},
   journal = {PLoS One},
   volume = {8},
   number = {5},
   pages = {e62355},
   ISSN = {1932-6203 (Electronic)
1932-6203 (Linking)},
   DOI = {10.1371/journal.pone.0062355},
   url = {http://www.ncbi.nlm.nih.gov/pubmed/23667470},
   year = {2013},
   type = {Journal Article}
}

@article{RN198,
   author = {Uricchio, L. H. and Hernandez, R. D.},
   title = {Robust Forward Simulations of Recurrent Hitchhiking},
   journal = {Genetics},
   volume = {197},
   number = {1},
   pages = {221-236},
   ISSN = {0016-6731},
   DOI = {10.1534/genetics.113.156935},
   year = {2014},
   type = {Journal Article}
}

@article{RN328,
   author = {Vitti, J. J. and Grossman, S. R. and Sabeti, P. C.},
   title = {Detecting natural selection in genomic data},
   journal = {Annu Rev Genet},
   volume = {47},
   pages = {97-120},
   ISSN = {1545-2948 (Electronic)
0066-4197 (Linking)},
   DOI = {10.1146/annurev-genet-111212-133526},
   url = {https://www.ncbi.nlm.nih.gov/pubmed/24274750},
   year = {2013},
   type = {Journal Article}
}

@article{RN307,
   author = {Voight, B. F. and Kudaravalli, S. and Wen, X. and Pritchard, J. K.},
   title = {A map of recent positive selection in the human genome},
   journal = {PLoS Biol},
   volume = {4},
   number = {3},
   pages = {e72},
   ISSN = {1545-7885 (Electronic)
1544-9173 (Linking)},
   DOI = {10.1371/journal.pbio.0040072},
   url = {https://www.ncbi.nlm.nih.gov/pubmed/16494531},
   year = {2006},
   type = {Journal Article}
}

@article{RN105,
   author = {Wallace, A. G. and Detweiler, D. and Schaeffer, S. W.},
   title = {Molecular population genetics of inversion breakpoint regions in Drosophila pseudoobscura},
   journal = {G3 (Bethesda)},
   volume = {3},
   number = {7},
   pages = {1151-63},
   ISSN = {2160-1836 (Electronic)
2160-1836 (Linking)},
   DOI = {10.1534/g3.113.006122},
   url = {http://www.ncbi.nlm.nih.gov/pubmed/23665879},
   year = {2013},
   type = {Journal Article}
}

@article{RN308,
   author = {Wang, E. T. and Kodama, G. and Baldi, P. and Moyzis, R. K.},
   title = {Global landscape of recent inferred Darwinian selection for Homo sapiens},
   journal = {Proc Natl Acad Sci},
   volume = {103},
   number = {1},
   pages = {135-140},
   year = {2006},
   type = {Journal Article}
}

@article{RN280,
   author = {Wang, J. R. and de Villena, F. P. and McMillan, L.},
   title = {Comparative analysis and visualization of multiple collinear genomes},
   journal = {BMC Bioinformatics},
   volume = {13 Suppl 3},
   pages = {S13},
   ISSN = {1471-2105 (Electronic)
1471-2105 (Linking)},
   DOI = {10.1186/1471-2105-13-S3-S13},
   url = {https://www.ncbi.nlm.nih.gov/pubmed/22536897},
   year = {2012},
   type = {Journal Article}
}

@article{RN267,
   author = {Wang, R. J. and Gray, M. M. and Parmenter, M. D. and Broman, K. W. and Payseur, B. A.},
   title = {Recombination rate variation in mice from an isolated island},
   journal = {Mol Ecol},
   volume = {26},
   number = {2},
   pages = {457-470},
   ISSN = {1365-294X (Electronic)
0962-1083 (Linking)},
   DOI = {10.1111/mec.13932},
   url = {https://www.ncbi.nlm.nih.gov/pubmed/27864900},
   year = {2017},
   type = {Journal Article}
}

@article{RN24,
   author = {Wang, X. Y. and Zheng, Z. Z. and Song, H. S. and Xu, Y. Z.},
   title = {Conserved RNA cis-elements regulate alternative splicing of Lepidopteran doublesex},
   journal = {Insect Biochem Mol Biol},
   volume = {44},
   pages = {1-11},
   ISSN = {1879-0240 (Electronic)
0965-1748 (Linking)},
   DOI = {10.1016/j.ibmb.2013.10.009},
   url = {http://www.ncbi.nlm.nih.gov/pubmed/24239545},
   year = {2014},
   type = {Journal Article}
}

@article{RN277,
   author = {Wiehe, T. and Stephan, W.},
   title = {Analysis of a genetic hitchhiking model, and its application to DNA polymorphism data from Drosophila melanogaster},
   journal = {Mol Biol Evol},
   volume = {10},
   number = {4},
   pages = {842-854},
   year = {1993},
   type = {Journal Article}
}

@article{RN236,
   author = {Williamson, Robert J. and Josephs, Emily B. and Platts, Adrian E. and Hazzouri, Khaled M. and Haudry, Annabelle and Blanchette, Mathieu and Wright, Stephen I.},
   title = {Evidence for widespread positive and negative selection in coding and conserved noncoding regions of Capsella grandiflora},
   journal = {PLoS Genetics},
   volume = {10},
   number = {9},
   pages = {e1004622},
   ISSN = {1553-7404},
   DOI = {10.1371/journal.pgen.1004622},
   year = {2014},
   type = {Journal Article}
}

@article{RN203,
   author = {Wilson, D. J. and Hernandez, R. D. and Andolfatto, P. and Przeworski, M.},
   title = {A population genetics-phylogenetics approach to inferring natural selection in coding sequences},
   journal = {PLoS Genet},
   volume = {7},
   number = {12},
   pages = {e1002395},
   ISSN = {1553-7404 (Electronic)
1553-7390 (Linking)},
   DOI = {10.1371/journal.pgen.1002395},
   url = {http://www.ncbi.nlm.nih.gov/pubmed/22144911},
   year = {2011},
   type = {Journal Article}
}

@article{RN214,
   author = {Winckler, W. and Myers, S. R. and Richter, D. J. and Onofrio, R. C. and McDonald, G. J. and Bontrop, R. E. and McVean, G. and Gabriel, S. B. and Reich, D. and Donnelly, P. and Altshuler, D.},
   title = {Comparison of Fine-Scale Recombination Rates in Humans and Chimpanzees},
   journal = {Science},
   volume = {308},
   year = {2005},
   type = {Journal Article}
}

@article{RN200,
   author = {Wright, S.},
   title = {Evolution in Mendelian Populations},
   journal = {Genetics},
   volume = {16},
   year = {1931},
   type = {Journal Article}
}

@article{RN79,
   author = {Wright, S. I. and Charlesworth, B.},
   title = {The HKA test revisited: a maximum-likelihood-ratio test of the standard neutral model},
   journal = {Genetics},
   volume = {168},
   number = {2},
   pages = {1071-6},
   ISSN = {0016-6731 (Print)
0016-6731 (Linking)},
   DOI = {10.1534/genetics.104.026500},
   url = {http://www.ncbi.nlm.nih.gov/pubmed/15514076},
   year = {2004},
   type = {Journal Article}
}

@article{RN243,
   author = {Yang, H. and Wang, J. R. and Didion, J. P. and Buus, R. J. and Bell, T. A. and Welsh, C. E. and Bonhomme, F. and Yu, A. H. and Nachman, M. W. and Pialek, J. and Tucker, P. and Boursot, P. and McMillan, L. and Churchill, G. A. and de Villena, F. P.},
   title = {Subspecific origin and haplotype diversity in the laboratory mouse},
   journal = {Nat Genet},
   volume = {43},
   number = {7},
   pages = {648-55},
   ISSN = {1546-1718 (Electronic)
1061-4036 (Linking)},
   DOI = {10.1038/ng.847},
   url = {https://www.ncbi.nlm.nih.gov/pubmed/21623374},
   year = {2011},
   type = {Journal Article}
}

@article{RN209,
   author = {Yu, N. and Jensen-Seaman, M. I. and Chemnick, L. and Ryder, O. and Li, W.H.},
   title = {Nucleotide Diversity in Gorillas},
   journal = {Genetics},
   volume = {166},
   pages = {1375-1383},
   year = {2004},
   type = {Journal Article}
}

@article{RN63,
   author = {Zakharov, E. V. and Caterino, M. S. and Sperling, F. A.},
   title = {Molecular phylogeny, historical biogeography, and divergence time estimates for swallowtail butterflies of the genus Papilio (Lepidoptera: Papilionidae)},
   journal = {Syst Biol},
   volume = {53},
   number = {2},
   pages = {193-215},
   ISSN = {1063-5157 (Print)
1063-5157 (Linking)},
   DOI = {10.1080/10635150490423403},
   url = {http://www.ncbi.nlm.nih.gov/pubmed/15205049},
   year = {2004},
   type = {Journal Article}
}

@article{RN146,
   author = {Zeng, K. and Fu, Y. X. and Shi, S. and Wu, C. I.},
   title = {Statistical tests for detecting positive selection by utilizing high-frequency variants},
   journal = {Genetics},
   volume = {174},
   number = {3},
   pages = {1431-9},
   ISSN = {0016-6731 (Print)
0016-6731 (Linking)},
   DOI = {10.1534/genetics.106.061432},
   url = {http://www.ncbi.nlm.nih.gov/pubmed/16951063},
   year = {2006},
   type = {Journal Article}
}

@article{RN32,
   author = {Zhang, Jianzhi},
   title = {Evolution by gene duplication: an update},
   journal = {Trends in Ecology & Evolution},
   volume = {18},
   number = {6},
   pages = {292-298},
   ISSN = {01695347},
   DOI = {10.1016/s0169-5347(03)00033-8},
   year = {2003},
   type = {Journal Article}
}

@article{RN106,
   author = {Zhang, L. B. and Zhu, Q. and Wu, Z. Q. and Ross-Ibarra, J. and Gaut, B. S. and Ge, S. and Sang, T.},
   title = {Selection on grain shattering genes and rates of rice domestication},
   journal = {New Phytol},
   volume = {184},
   number = {3},
   pages = {708-20},
   ISSN = {1469-8137 (Electronic)
0028-646X (Linking)},
   DOI = {10.1111/j.1469-8137.2009.02984.x},
   url = {http://www.ncbi.nlm.nih.gov/pubmed/19674325},
   year = {2009},
   type = {Journal Article}
}

